Details,Posting Date,Description,Amount,Type,Balance,Check or Slip #
DEBIT,07/04/2018,"POS DEBIT                SLING.COM                ENGLEWOOD     CO",-21.64,MISC_DEBIT, ,,
DEBIT,07/04/2018,"POS DEBIT                Netflix.com              NETFLIX.COM   CA                                                                                                                                                                                                                                                              0 00      0100",-15.14,MISC_DEBIT, ,,
DEBIT,07/03/2018,"Seville          WEB PMTS   JYG651          WEB ID: 9084434801",-1104.55,ACH_DEBIT,231.60,,
DEBIT,07/03/2018,"CENTRAL MARKET #191 SAN ANTONIO TX           07/02",-9.18,DEBIT_CARD,1336.15,,
DEBIT,07/02/2018,"NON-CHASE ATM FEE-WITH",-2.50,FEE_TRANSACTION,1345.33,,
DEBIT,07/02/2018,"Upwork -187459904Memb 165-08534100 CA        07/01",-10.00,DEBIT_CARD,1347.83,,
DEBIT,07/02/2018,"Amazon Digital Svcs amzn.com/bill WA         07/02",-9.73,DEBIT_CARD,1357.83,,
DEBIT,07/02/2018,"7-ELEVEN SAN ANTONIO TX                      07/01",-24.52,DEBIT_CARD,1367.56,,
DEBIT,07/02/2018,"FREDDYS FROZEN CUSTARD SAN ANTONIO TX        07/01",-17.70,DEBIT_CARD,1392.08,,
DEBIT,07/02/2018,"NON-CHASE ATM WITHDRAW               254326  06/30111 NW LO",-48.00,ATM,1409.78,,
DEBIT,07/02/2018,"SACOLO LTD - TX SAN ANTONIO TX               07/01",-33.75,DEBIT_CARD,1457.78,,
DEBIT,07/02/2018,"HEB  #102 SAN ANTONIO TX                     06/30",-39.46,DEBIT_CARD,1491.53,,
DEBIT,07/02/2018,"DIAMOND SHINE SAN ANTONIO TX                 06/30",-6.00,DEBIT_CARD,1530.99,,
DEBIT,07/02/2018,"SPEEDY CASH 888-3331360 KS                   06/30",-72.00,DEBIT_CARD,1536.99,,
DEBIT,07/02/2018,"SQ *ANTHONY GONZALE 877-417-4551 TX          06/29",-8.00,DEBIT_CARD,1608.99,,
DEBIT,07/02/2018,"SQ *ANTHONY GONZALE 877-417-4551 TX          06/29",-31.00,DEBIT_CARD,1616.99,,
DEBIT,07/02/2018,"MCDONALD'S F2881 SAN ANTONIO TX              06/28",-6.16,DEBIT_CARD,1647.99,,
DEBIT,06/29/2018,"QuickPay with Zelle payment to Mama 7271414032",-750.00,CHASE_TO_PARTNERFI,1654.15,,
DEBIT,06/29/2018,"TRANSFER TO SAV XXXXX1797 06/29",-50.00,ACCT_XFER,2404.15,,
DEBIT,06/29/2018,"OSAKA JAPANESE STEAK A 210-8220300 TX        06/27",-20.27,DEBIT_CARD,2454.15,,
CREDIT,06/29/2018,"Online Transfer from SAV ...1797 transaction#: 7273941588",50.00,ACCT_XFER,2474.42,,
CREDIT,06/29/2018,"GIGAWARP TECHNOL PAYROLL                    PPD ID: 1812457168",2356.74,ACH_CREDIT,2424.42,,
DEBIT,06/28/2018,"SQ *MERIT COFFEE - A Alamo Heights TX        06/27",-5.68,DEBIT_CARD,67.68,,
DEBIT,06/28/2018,"CENTRAL MARKET #191 SAN ANTONIO TX           06/27",-9.58,DEBIT_CARD,73.36,,
DEBIT,06/28/2018,"CORNER STORE 0003 SAN ANTONIO TX             06/26",-6.19,DEBIT_CARD,82.94,,
DEBIT,06/27/2018,"Amazon.com AMZN.COM/BILL WA                  06/26",-48.56,DEBIT_CARD,89.13,,
DEBIT,06/27/2018,"SORRENTO RISTORANTE SAN ANTONIO TX           06/25",-17.88,DEBIT_CARD,137.69,,
DEBIT,06/26/2018,"SQ *ANTHONY GONZALE 877-417-4551 TX          06/25",-11.00,DEBIT_CARD,155.57,,
DEBIT,06/26/2018,"AMAZON MKTPLACE PMTS AMZN.COM/BILL WA        06/25",-10.01,DEBIT_CARD,166.57,,
DEBIT,06/25/2018,"DNH*GODADDY.COM 480-5058855 AZ               06/23",-14.91,DEBIT_CARD,176.58,,
DEBIT,06/25/2018,"7-ELEVEN SAN ANTONIO TX                      06/24",-3.76,DEBIT_CARD,191.49,,
DEBIT,06/25/2018,"HEB  #102 SAN ANTONIO TX                     06/23",-6.57,DEBIT_CARD,195.25,,
DEBIT,06/25/2018,"MCDONALD'S F10675 SAN ANTONIO TX             06/23",-3.25,DEBIT_CARD,201.82,,
DEBIT,06/25/2018,"MCDONALD'S F10675 SAN ANTONIO TX             06/23",-0.65,DEBIT_CARD,205.07,,
DEBIT,06/25/2018,"DIAMOND SHINE SAN ANTONIO TX                 06/23",-6.00,DEBIT_CARD,205.72,,
DEBIT,06/25/2018,"WALGREENS STORE 6635 B SAN ANTONIO TX754425  06/23",-4.37,DEBIT_CARD,211.72,,
DEBIT,06/25/2018,"CENTRAL MARKET #191 SAN ANTONIO TX           06/22",-13.04,DEBIT_CARD,216.09,,
DEBIT,06/25/2018,"CKE*BIRD BAKERY      5 SAN ANTONIO TX        06/22",-7.76,DEBIT_CARD,229.13,,
DEBIT,06/22/2018,"DNH*GODADDY.COM 480-5058855 AZ               06/21",-10.65,DEBIT_CARD,236.89,,
DEBIT,06/21/2018,"PlaystationNetwork 800-3457669 CA            06/21",-10.80,DEBIT_CARD,247.54,,
DEBIT,06/21/2018,"MBI-PROBILLER.COM/RK 877-446-0668            06/19",-17.95,DEBIT_CARD,258.34,,
DEBIT,06/20/2018,"SQ *MERIT COFFEE - A Alamo Heights TX        06/20",-7.93,DEBIT_CARD,276.29,,
DEBIT,06/20/2018,"HEB  #102 SAN ANTONIO TX                     06/19",-22.38,DEBIT_CARD,284.22,,
DEBIT,06/18/2018,"MBI*PROBILLER.COM/BZ 8552329585 CA           06/17",-9.99,DEBIT_CARD,306.60,,
DEBIT,06/18/2018,"PLANET FIT       CLUB FEES                  PPD ID: 1710602737",-10.83,ACH_DEBIT,316.59,,
DEBIT,06/18/2018,"AmazonPrime Membersh amzn.com/prme WA        06/17",-14.06,DEBIT_CARD,327.42,,
DEBIT,06/18/2018,"CarMax Auto      Finance    CARMAX031586428 WEB ID: E541821055",-376.35,ACH_DEBIT,341.48,,
DEBIT,06/18/2018,"BOX*BOX.NET CONSMR SRV 877-7294269 CA        06/17",-10.66,DEBIT_CARD,717.83,,
DEBIT,06/18/2018,"SACOLO LTD - TX SAN ANTONIO TX               06/17",-122.25,DEBIT_CARD,728.49,,
DEBIT,06/18/2018,"SACOLO LTD - TX SAN ANTONIO TX               06/17",-375.00,DEBIT_CARD,850.74,,
DEBIT,06/18/2018,"SQ *ANTHONY GONZALE 877-417-4551 TX          06/16",-41.00,DEBIT_CARD,1225.74,,
DEBIT,06/18/2018,"7-ELEVEN SAN ANTONIO TX                      06/16",-2.37,DEBIT_CARD,1266.74,,
DEBIT,06/18/2018,"QuickPay with Zelle payment to Mama 7237016400",-925.00,CHASE_TO_PARTNERFI,1269.11,,
DEBIT,06/18/2018,"TWC*TIME WARNER CABLE 888-TWCABLE TX         06/18",-87.00,DEBIT_CARD,2194.11,,
DEBIT,06/18/2018,"SPRINT *WIRELESS 800-639-6111 KS             06/17",-140.25,DEBIT_CARD,2281.11,,
DEBIT,06/18/2018,"SPEEDY CASH 888-3331360 KS                   06/15",-44.67,DEBIT_CARD,2421.36,,
CREDIT,06/18/2018,"Online Transfer from SAV ...1797 transaction#: 7239079321",100.00,ACCT_XFER,2466.03,,
CREDIT,06/18/2018,"QuickPay with Zelle payment from VICTOR MAYORGA 7238741963",200.00,PARTNERFI_TO_CHASE,2366.03,,
DEBIT,06/15/2018,"AmazonPrime Membersh amzn.com/prme WA        06/14",-14.06,DEBIT_CARD,2166.03,,
DEBIT,06/15/2018,"ATM WITHDRAWAL                       003670  06/158014 BAND",-180.00,ATM,2180.09,,
DEBIT,06/15/2018,"TRANSFER TO SAV XXXXX1797 06/15",-50.00,ACCT_XFER,2360.09,,
CREDIT,06/15/2018,"GIGAWARP TECHNOL PAYROLL                    PPD ID: 1812457168",2356.74,ACH_CREDIT,2410.09,,
DEBIT,06/13/2018,"PRIVATEINTERNETACCES HTTPSWWW.PRIV CO        06/12",-6.95,DEBIT_CARD,53.35,,
DEBIT,06/13/2018,"Amazon.com AMZN.COM/BILL WA                  06/13",-32.28,DEBIT_CARD,60.30,,
DEBIT,06/12/2018,"LEMONADE.COM LEMONADE.COM NY                 06/11",-20.42,DEBIT_CARD,92.58,,
DEBIT,06/12/2018,"U-HAUL SAN PEDRO SAN ANTONIO TX              06/10",-119.95,DEBIT_CARD,113.00,,
DEBIT,06/11/2018,"WAL-MART #5146 SAN ANTONIO TX                06/10",-10.35,DEBIT_CARD,232.95,,
DEBIT,06/11/2018,"DIAMOND SHINE SAN ANTONIO TX                 06/09",-6.00,DEBIT_CARD,243.30,,
DEBIT,06/08/2018,"VONAGE *PRICE+TAXES 866-243-4357 NJ          06/08",-40.37,DEBIT_CARD,249.30,,
DEBIT,06/07/2018,"JIMMY JOHNS - 979 - E 210-820-0800 TX        06/06",-12.07,DEBIT_CARD,289.67,,
DEBIT,06/07/2018,"SIR WINSTONS PUB SAN ANTONIO TX              06/05",-8.50,DEBIT_CARD,301.74,,
DEBIT,06/06/2018,"Spotify USA 646-8375380 NY                   06/06",-16.23,DEBIT_CARD,310.24,,
DEBIT,06/06/2018,"Amazon Digital Svcs amzn.com/bill WA         06/06",-9.73,DEBIT_CARD,326.47,,
DEBIT,06/06/2018,"SQ *ANTHONY GONZALE 877-417-4551 TX          06/05",-20.00,DEBIT_CARD,336.20,,
DEBIT,06/06/2018,"SQ *SARAH 877-417-4551 TX                    06/05",-20.00,DEBIT_CARD,356.20,,
DEBIT,06/06/2018,"CKE*BIRD BAKERY      5 SAN ANTONIO TX        06/05",-4.75,DEBIT_CARD,376.20,,
DEBIT,06/05/2018,"SLING.COM 888-393-6312 CO                    06/04",-21.64,DEBIT_CARD,380.95,,
DEBIT,06/05/2018,"Seville          WEB PMTS   1RRP41          WEB ID: 9084434801",-1096.81,ACH_DEBIT,402.59,,
DEBIT,06/04/2018,"Upwork -183219440Memb 165-08534100 CA        06/01",-10.00,DEBIT_CARD,1499.40,,
DEBIT,06/04/2018,"Netflix.com netflix.com CA                   06/03",-15.14,DEBIT_CARD,1509.40,,
DEBIT,06/04/2018,"HEB  #102 SAN ANTONIO TX                     06/03",-37.16,DEBIT_CARD,1524.54,,
DEBIT,06/04/2018,"QuickPay with Zelle payment to Mama 7200184161",-700.00,CHASE_TO_PARTNERFI,1561.70,,
DEBIT,06/04/2018,"Amazon Digital Svcs amzn.com/bill WA         06/02",-9.73,DEBIT_CARD,2261.70,,
DEBIT,06/04/2018,"SNOW VN RESTAURANT SAN ANTONIO TX            06/01",-25.52,DEBIT_CARD,2271.43,,
DEBIT,06/04/2018,"SPEEDY CASH 888-3331360 KS                   05/31",-44.67,DEBIT_CARD,2296.95,,
DEBIT,06/01/2018,"PLANET FIT       CLUB FEES                  PPD ID: 1710602737",-31.39,ACH_DEBIT,2341.62,,
DEBIT,06/01/2018,"TRANSFER TO SAV XXXXX1797 06/01",-50.00,ACCT_XFER,2373.01,,
CREDIT,05/31/2018,"GIGAWARP TECHNOL PAYROLL                    PPD ID: 1812457168",2356.74,ACH_CREDIT,2423.01,,
DEBIT,05/29/2018,"SQ *MERIT COFFEE - A Alamo Heights TX        05/29",-6.68,DEBIT_CARD,66.27,,
DEBIT,05/29/2018,"SHELL Service Station SAN ANTONIO TX 089195  05/28",-2.70,DEBIT_CARD,72.95,,
DEBIT,05/29/2018,"SQ *ANTHONY GONZALE 877-417-4551 TX          05/25",-30.00,DEBIT_CARD,75.65,,
CREDIT,05/25/2018,"Online Transfer from SAV ...1797 transaction#: 7177392234",50.00,ACCT_XFER,105.65,,
DEBIT,05/24/2018,"DNH*GODADDY.COM 480-5058855 AZ               05/23",-14.91,DEBIT_CARD,55.65,,
DEBIT,05/23/2018,"DNH*GODADDY.COM 480-5058855 AZ               05/22",-15.17,DEBIT_CARD,70.56,,
DEBIT,05/23/2018,"TWC*TIME WARNER CABLE 888-TWCABLE TX         05/23",-87.00,DEBIT_CARD,85.73,,
DEBIT,05/22/2018,"DNH*GODADDY.COM 480-5058855 AZ               05/21",-10.65,DEBIT_CARD,172.73,,
DEBIT,05/22/2018,"SQ *ANTHONY GONZALE 877-417-4551 TX          05/21",-40.00,DEBIT_CARD,183.38,,
DEBIT,05/22/2018,"HEB  #556 SAN ANTONIO TX                     05/21",-13.78,DEBIT_CARD,223.38,,
DEBIT,05/22/2018,"INDIA PALACE SAN ANTONIO TX                  05/22",-18.96,DEBIT_CARD,237.16,,
DEBIT,05/21/2018,"SQ *MERIT COFFEE - A Alamo Heights TX        05/21",-4.52,DEBIT_CARD,256.12,,
DEBIT,05/21/2018,"Amazon Video On Dema AMZN.COM/bill WA        05/21",-3.24,DEBIT_CARD,260.64,,
DEBIT,05/21/2018,"PLAYSTATION NETWORK 800-345-7669 CA          05/20",-10.80,DEBIT_CARD,263.88,,
DEBIT,05/21/2018,"WEI KEE CHINESE RESTAU SAN ANTONIO TX        05/19",-9.04,DEBIT_CARD,274.68,,
DEBIT,05/21/2018,"7-ELEVEN SAN ANTONIO TX                      05/19",-4.52,DEBIT_CARD,283.72,,
DEBIT,05/21/2018,"LAS PALAPAS - CHUR SAN ANTONIO TX            05/19",-10.85,DEBIT_CARD,288.24,,
DEBIT,05/21/2018,"MCDONALD'S F2881 SAN ANTONIO TX              05/18",-4.43,DEBIT_CARD,299.09,,
DEBIT,05/21/2018,"CENTRAL MARKET #191 SAN ANTONIO TX           05/18",-10.11,DEBIT_CARD,303.52,,
DEBIT,05/21/2018,"U-HAUL MOVING & STORAG SAN ANTONIO TX        05/17",-87.90,DEBIT_CARD,313.63,,
DEBIT,05/21/2018,"LAS PALAPAS - CHUR SAN ANTONIO TX            05/17",-6.12,DEBIT_CARD,401.53,,
DEBIT,05/18/2018,"MBI*PROBILLER.COM/BZ 8552329585 CA           05/18",-9.99,DEBIT_CARD,407.65,,
DEBIT,05/18/2018,"CarMax Auto      Finance    CARMAX030995118 WEB ID: E541821055",-376.35,ACH_DEBIT,417.64,,
DEBIT,05/18/2018,"TRANSFER TO SAV XXXXX1797 05/18",-50.00,ACCT_XFER,793.99,,
DEBIT,05/18/2018,"BOX*BOX.NET CONSMR SRV 877-7294269 CA        05/17",-10.66,DEBIT_CARD,843.99,,
DEBIT,05/18/2018,"SPRINT *WIRELESS 800-639-6111 KS             05/18",-140.25,DEBIT_CARD,854.65,,
DEBIT,05/18/2018,"MBI-PROBILLER.COM/RK 877-446-0668            05/16",-17.95,DEBIT_CARD,994.90,,
DEBIT,05/17/2018,"PLANET FIT       CLUB FEES                  PPD ID: 1710602737",-10.83,ACH_DEBIT,1012.85,,
DEBIT,05/17/2018,"AmazonPrime Membersh amzn.com/prme WA        05/17",-14.06,DEBIT_CARD,1023.68,,
DEBIT,05/17/2018,"MCDONALD'S F2881 SAN ANTONIO TX              05/16",-4.43,DEBIT_CARD,1037.74,,
DEBIT,05/16/2018,"SPEEDY CASH 888-3331360 KS                   05/15",-171.00,DEBIT_CARD,1042.17,,
DEBIT,05/16/2018,"SPEEDY CASH 888-3331360 KS                   05/15",-82.29,DEBIT_CARD,1213.17,,
DEBIT,05/15/2018,"AmazonPrime Membersh amzn.com/prme WA        05/14",-14.06,DEBIT_CARD,1295.46,,
DEBIT,05/15/2018,"QuickPay with Zelle payment to Mama 7150272272",-1080.00,CHASE_TO_PARTNERFI,1309.52,,
DEBIT,05/15/2018,"ATM WITHDRAWAL                       000841  05/158014 BAND",-20.00,ATM,2389.52,,
CREDIT,05/15/2018,"GIGAWARP TECHNOL PAYROLL                    PPD ID: 1812457168",2356.74,ACH_CREDIT,2409.52,,
CREDIT,05/15/2018,"ATM CASH DEPOSIT 05/15 8014 BANDERA RD SAN ANTONIO TX",10.00,ATM,52.78,,
DEBIT,05/14/2018,"PRIVATEINTERNETACCES HTTPSWWW.PRIV CO        05/12",-6.95,DEBIT_CARD,42.78,,
DEBIT,05/14/2018,"LEMONADE.COM 8447338666 NY                   05/10",-20.42,DEBIT_CARD,49.73,,
DEBIT,05/14/2018,"U-HAUL SAN PEDRO SAN ANTONIO TX              05/10",-119.95,DEBIT_CARD,70.15,,
DEBIT,05/11/2018,"CORNER STORE 2196 ALAMO HEIGHTS TX   642963  05/11",-3.98,DEBIT_CARD,190.10,,
DEBIT,05/11/2018,"FINE SPIR 5140 Broad ALAMO HEIGHTS TX        05/11",-2.15,DEBIT_CARD,194.08,,
DEBIT,05/11/2018,"SQ *MERIT COFFEE - A Alamo Heights TX        05/11",-4.14,DEBIT_CARD,196.23,,
DEBIT,05/10/2018,"SQ *MERIT COFFEE - A Alamo Heights TX        05/10",-4.52,DEBIT_CARD,200.37,,
DEBIT,05/10/2018,"JIMMY JOHNS - 979 - E 210-820-0800 TX        05/09",-10.44,DEBIT_CARD,204.89,,
DEBIT,05/09/2018,"SQ *ANTHONY GONZALE 877-417-4551 TX          05/08",-31.00,DEBIT_CARD,215.33,,
CREDIT,05/09/2018,"QuickPay with Zelle payment from VICTOR MAYORGA 7131864012",50.00,PARTNERFI_TO_CHASE,246.33,,
DEBIT,05/08/2018,"VONAGE *PRICE+TAXES 866-243-4357 NJ          05/08",-40.37,DEBIT_CARD,196.33,,
CREDIT,05/08/2018,"Online Transfer from SAV ...1797 transaction#: 7131875843",50.00,ACCT_XFER,236.70,,
DEBIT,05/07/2018,"Spotify USA 646-8375380 NY                   05/06",-16.23,DEBIT_CARD,186.70,,
DEBIT,05/07/2018,"SLING.COM 888-393-6312 CO                    05/04",-21.64,DEBIT_CARD,202.93,,
DEBIT,05/07/2018,"Amazon Digital Svcs amzn.com/bill WA         05/06",-9.73,DEBIT_CARD,224.57,,
DEBIT,05/04/2018,"Netflix.com netflix.com CA                   05/03",-15.14,DEBIT_CARD,234.30,,
DEBIT,05/04/2018,"Seville          WEB PMTS   Y01341          WEB ID: 9084434801",-1067.27,ACH_DEBIT,249.44,,
DEBIT,05/04/2018,"TRANSFER TO SAV XXXXX1797 05/04",-50.00,ACCT_XFER,1316.71,,
DEBIT,05/03/2018,"60499 - UNIVERSITY HEA SAN ANTONIO TX        05/02",-1.00,DEBIT_CARD,1366.71,,
DEBIT,05/02/2018,"Upwork -178688657Memb 165-08534100 CA        05/01",-10.00,DEBIT_CARD,1367.71,,
DEBIT,05/02/2018,"Amazon Digital Svcs amzn.com/bill WA         05/02",-9.73,DEBIT_CARD,1377.71,,
DEBIT,05/02/2018,"BEXAR COUNTY HOSP DT SAN ANTONIO TX          05/01",-36.11,DEBIT_CARD,1387.44,,
DEBIT,05/01/2018,"CENTRAL MARKET #191 SAN ANTONIO TX           04/30",-12.32,DEBIT_CARD,1423.55,,
DEBIT,05/01/2018,"SPEEDY CASH 888-3331360 KS                   04/30",-82.29,DEBIT_CARD,1435.87,,
DEBIT,04/30/2018,"HEB  #102 SAN ANTONIO TX                     04/29",-71.48,DEBIT_CARD,1518.16,,
DEBIT,04/30/2018,"QuickPay with Zelle payment to Mama 7102771540",-300.00,CHASE_TO_PARTNERFI,1589.64,,
DEBIT,04/30/2018,"CORNER STORE 1045 SAN ANTONIO TX     075887  04/28",-2.26,DEBIT_CARD,1889.64,,
DEBIT,04/30/2018,"HEB  #623 SAN ANTONIO TX                     04/28",-26.67,DEBIT_CARD,1891.90,,
DEBIT,04/30/2018,"SPORT CLIPS - TX323 - SAN ANTONIO TX         04/28",-23.00,DEBIT_CARD,1918.57,,
DEBIT,04/30/2018,"QuickPay with Zelle payment to BETHANY 7101032114",-500.00,QUICKPAY_DEBIT,1941.57,,
CREDIT,04/30/2018,"GIGAWARP TECHNOL PAYROLL                    PPD ID: 1812457168",2356.74,ACH_CREDIT,2441.57,,
DEBIT,04/27/2018,"SQ *MERIT COFFEE - A Alamo Heights TX        04/27",-5.68,DEBIT_CARD,84.83,,
DEBIT,04/25/2018,"UHS PHARMACY-DOWNTOWN SAN ANTONIO TX         04/24",-20.00,DEBIT_CARD,90.51,,
DEBIT,04/24/2018,"DNH*GODADDY.COM 480-5058855 AZ               04/23",-14.91,DEBIT_CARD,110.51,,
CREDIT,04/24/2018,"QuickPay with Zelle payment from VICTOR MAYORGA 7090594963",65.00,PARTNERFI_TO_CHASE,125.42,,
DEBIT,04/23/2018,"DNH*GODADDY.COM 480-5058855 AZ               04/21",-10.65,DEBIT_CARD,60.42,,
DEBIT,04/23/2018,"SQ *ANTHONY GONZALE 877-417-4551 TX          04/21",-5.00,DEBIT_CARD,71.07,,
DEBIT,04/23/2018,"SQ *ANTHONY GONZALE 877-417-4551 TX          04/21",-40.75,DEBIT_CARD,76.07,,
DEBIT,04/23/2018,"QuickPay with Zelle payment to D. F. Account 7083404329",-100.00,CHASE_TO_PARTNERFI,116.82,,
DEBIT,04/23/2018,"QuickPay with Zelle payment to D. F. Account 7083139152",-20.00,CHASE_TO_PARTNERFI,216.82,,
DEBIT,04/23/2018,"7-ELEVEN SAN ANTONIO TX                      04/21",-4.60,DEBIT_CARD,236.82,,
DEBIT,04/23/2018,"BILL MILLER BAR-B-Q - SAN ANTONIO TX         04/21",-18.54,DEBIT_CARD,241.42,,
DEBIT,04/23/2018,"PLAYSTATION NETWORK 800-345-7669 CA          04/20",-10.80,DEBIT_CARD,259.96,,
CREDIT,04/23/2018,"QuickPay with Zelle payment from VICTOR MAYORGA 7081964103",50.00,PARTNERFI_TO_CHASE,270.76,,
CREDIT,04/23/2018,"Online Transfer from SAV ...1797 transaction#: 7083147948",50.00,ACCT_XFER,220.76,,
CREDIT,04/23/2018,"ATM CASH DEPOSIT 04/21 12503 NW MILITARY HWY SAN ANTONIO TX",90.00,ATM,170.76,,
DEBIT,04/20/2018,"SQ *MERIT COFFEE - A Alamo Heights TX        04/20",-4.52,DEBIT_CARD,80.76,,
DEBIT,04/20/2018,"TRANSFER TO SAV XXXXX1797 04/20",-50.00,ACCT_XFER,85.28,,
DEBIT,04/20/2018,"AMAZON MKTPLACE PMTS AMZN.COM/BILL WA        04/20",-12.98,DEBIT_CARD,135.28,,
DEBIT,04/20/2018,"ORDERUP SAN ANTONIO TX                       04/19",-17.75,DEBIT_CARD,148.26,,
DEBIT,04/20/2018,"SPEEDY CASH 888-3331360 KS                   04/18",-20.00,DEBIT_CARD,166.01,,
DEBIT,04/19/2018,"HEB  #102 SAN ANTONIO TX                     04/18",-24.79,DEBIT_CARD,186.01,,
DEBIT,04/19/2018,"CENTRAL MARKET #191 SAN ANTONIO TX           04/18",-9.92,DEBIT_CARD,210.80,,
DEBIT,04/19/2018,"MBI-PROBILLER.COM/RK 877-446-0668            04/18",-17.95,DEBIT_CARD,220.72,,
DEBIT,04/18/2018,"MBI*PROBILLER.COM/BZ 8552329585 CA           04/18",-9.99,DEBIT_CARD,238.67,,
DEBIT,04/18/2018,"SQ *MERIT COFFEE - A Alamo Heights TX        04/18",-4.52,DEBIT_CARD,248.66,,
DEBIT,04/18/2018,"SQ *MERIT COFFEE - A Alamo Heights TX        04/17",-6.68,DEBIT_CARD,253.18,,
DEBIT,04/18/2018,"BOX*BOX.NET CONSMR SRV 877-7294269 CA        04/17",-10.66,DEBIT_CARD,259.86,,
DEBIT,04/18/2018,"CENTRAL MARKET #191 SAN ANTONIO TX           04/17",-9.82,DEBIT_CARD,270.52,,
DEBIT,04/18/2018,"BIRD BAKERY LLC SAN ANTONIO TX               04/17",-8.98,DEBIT_CARD,280.34,,
DEBIT,04/17/2018,"PLANET FIT       CLUB FEES                  PPD ID: 1710602737",-10.83,ACH_DEBIT,289.32,,
DEBIT,04/17/2018,"FINE SPIRITS EMPORIUM SAN ANTONIO TX         04/16",-6.44,DEBIT_CARD,300.15,,
DEBIT,04/17/2018,"SQ *MERIT COFFEE - A Alamo Heights TX        04/16",-2.16,DEBIT_CARD,306.59,,
DEBIT,04/17/2018,"SPEEDY CASH 888-3331360 KS                   04/15",-430.00,DEBIT_CARD,308.75,,
DEBIT,04/17/2018,"U-HAUL MOVING & STORAG SAN ANTONIO TX        04/14",-87.90,DEBIT_CARD,738.75,,
DEBIT,04/16/2018,"NON-CHASE ATM FEE-WITH",-2.50,FEE_TRANSACTION,826.65,,
DEBIT,04/16/2018,"NON-CHASE ATM FEE-WITH",-2.50,FEE_TRANSACTION,829.15,,
DEBIT,04/16/2018,"NON-CHASE ATM FEE-WITH",-2.50,FEE_TRANSACTION,831.65,,
DEBIT,04/16/2018,"PRIVATEINTERNETACCES HTTPSWWW.PRIV CO        04/12",-6.95,DEBIT_CARD,834.15,,
DEBIT,04/16/2018,"AmazonPrime Membersh amzn.com/prme WA        04/14",-14.06,DEBIT_CARD,841.10,,
DEBIT,04/16/2018,"CarMax Auto      Finance    CARMAX030362355 WEB ID: E541821055",-376.35,ACH_DEBIT,855.16,,
DEBIT,04/16/2018,"QuickPay with Zelle payment to D. F. Account 7067377359",-63.51,CHASE_TO_PARTNERFI,1231.51,,
DEBIT,04/16/2018,"SPRINT *WIRELESS 800-639-6111 KS             04/16",-142.99,DEBIT_CARD,1295.02,,
DEBIT,04/16/2018,"NON-CHASE ATM WITHDRAW               097985  04/15111 NW LO",-68.00,ATM,1438.01,,
DEBIT,04/16/2018,"NON-CHASE ATM WITHDRAW               085686  04/15111 NW LO",-28.00,ATM,1506.01,,
DEBIT,04/16/2018,"NON-CHASE ATM WITHDRAW               091326  04/14111 NW LO",-88.00,ATM,1534.01,,
DEBIT,04/16/2018,"SACOLO LTD - TX SAN ANTONIO TX               04/15",-104.75,DEBIT_CARD,1622.01,,
DEBIT,04/16/2018,"FAST EDDIES BILLIARDS SAN ANTONIO TX         04/14",-14.15,DEBIT_CARD,1726.76,,
DEBIT,04/16/2018,"AMAZON MKTPLACE PMTS AMZN.COM/BILL WA        04/15",-10.48,DEBIT_CARD,1740.91,,
DEBIT,04/16/2018,"ATM WITHDRAWAL                       006651  04/1412503 NW",-100.00,ATM,1751.39,,
DEBIT,04/16/2018,"ATM WITHDRAWAL                       008054  04/148014 BAND",-160.00,ATM,1851.39,,
DEBIT,04/16/2018,"CENTRAL MARKET #191 SAN ANTONIO TX           04/13",-15.27,DEBIT_CARD,2011.39,,
DEBIT,04/16/2018,"TWC*TIME WARNER CABLE 888-TWCABLE TX         04/15",-87.00,DEBIT_CARD,2026.66,,
DEBIT,04/16/2018,"CHELAS TACO SAN ANTONIO TX                   04/14",-27.34,DEBIT_CARD,2113.66,,
CREDIT,04/16/2018,"QuickPay with Zelle payment from BETHANY A JONES 7065848437",500.00,QUICKPAY_CREDIT,2141.00,,
DEBIT,04/13/2018,"QuickPay with Zelle payment to Mama 7063571745",-376.00,CHASE_TO_PARTNERFI,1641.00,,
DEBIT,04/13/2018,"QuickPay with Zelle payment to D. F. Account 7063017531",-65.00,CHASE_TO_PARTNERFI,2017.00,,
DEBIT,04/13/2018,"FINE SPIR 5140 Broad ALAMO HEIGHTS TX        04/13",-5.37,DEBIT_CARD,2082.00,,
DEBIT,04/13/2018,"QuickPay with Zelle payment to Mama 7060797471",-730.00,CHASE_TO_PARTNERFI,2087.37,,
DEBIT,04/13/2018,"BIRD BAKERY LLC SAN ANTONIO TX               04/12",-6.98,DEBIT_CARD,2817.37,,
DEBIT,04/13/2018,"U-HAUL SAN PEDRO SAN ANTONIO TX              04/10",-119.95,DEBIT_CARD,2824.35,,
CREDIT,04/13/2018,"QuickPay with Zelle payment from VICTOR MAYORGA 7063405996",343.00,PARTNERFI_TO_CHASE,2944.30,,
CREDIT,04/13/2018,"GIGAWARP TECHNOL PAYROLL                    PPD ID: 1812457168",2356.74,ACH_CREDIT,2601.30,,
DEBIT,04/12/2018,"HEB  #102 SAN ANTONIO TX                     04/11",-8.78,DEBIT_CARD,244.56,,
DEBIT,04/11/2018,"SHELL Service Station SAN ANTONIO TX 081206  04/11",-28.94,DEBIT_CARD,253.34,,
DEBIT,04/10/2018,"SQ *MERIT COFFEE - A Alamo Heights TX        04/09",-2.16,DEBIT_CARD,282.28,,
DEBIT,04/09/2018,"NON-CHASE ATM FEE-WITH",-2.50,FEE_TRANSACTION,284.44,,
DEBIT,04/09/2018,"VONAGE *PRICE+TAXES 866-243-4357 NJ          04/08",-40.37,DEBIT_CARD,286.94,,
DEBIT,04/09/2018,"LAS PALAPAS - CHUR SAN ANTONIO TX            04/08",-4.50,DEBIT_CARD,327.31,,
DEBIT,04/09/2018,"NON-CHASE ATM WITHDRAW               923326  04/08111 NW LO",-48.00,ATM,331.81,,
DEBIT,04/09/2018,"SACOLO LTD - TX SAN ANTONIO TX               04/08",-40.50,DEBIT_CARD,379.81,,
DEBIT,04/09/2018,"ATM WITHDRAWAL                       009733  04/078597 BLAN",-160.00,ATM,420.31,,
DEBIT,04/09/2018,"SOUPER SALAD- SAN ANTO SAN ANTONIO TX        04/07",-18.38,DEBIT_CARD,580.31,,
DEBIT,04/09/2018,"AUTO AIR & VACUUM SERVI PLAINVIEW NY         04/07",-1.00,DEBIT_CARD,598.69,,
DEBIT,04/09/2018,"DIAMOND SHINE SAN ANTONIO TX                 04/07",-6.00,DEBIT_CARD,599.69,,
DEBIT,04/09/2018,"ATM WITHDRAWAL                       009277  04/078597 BLAN",-200.00,ATM,605.69,,
DEBIT,04/09/2018,"LA MARGINAL RESTAURANT SAN ANTONIO TX        04/06",-19.62,DEBIT_CARD,805.69,,
DEBIT,04/09/2018,"BIRD BAKERY LLC SAN ANTONIO TX               04/06",-2.75,DEBIT_CARD,825.31,,
DEBIT,04/09/2018,"MCDONALD'S F25502 SAN ANTONIO TX             04/05",-6.59,DEBIT_CARD,828.06,,
CREDIT,04/09/2018,"QuickPay with Zelle payment from VICTOR MAYORGA 7047884088",100.00,PARTNERFI_TO_CHASE,834.65,,
CREDIT,04/09/2018,"QuickPay with Zelle payment from VICTOR MAYORGA 7045656888",150.00,PARTNERFI_TO_CHASE,734.65,,
CREDIT,04/09/2018,"ATM CASH DEPOSIT 04/07 12503 NW MILITARY HWY SAN ANTONIO TX",140.00,ATM,584.65,,
DEBIT,04/06/2018,"Spotify USA 646-8375380 NY                   04/06",-16.23,DEBIT_CARD,444.65,,
DEBIT,04/06/2018,"TRANSFER TO SAV XXXXX1797 04/06",-50.00,ACCT_XFER,460.88,,
DEBIT,04/06/2018,"Amazon Digital Svcs amzn.com/bill WA         04/06",-9.73,DEBIT_CARD,510.88,,
DEBIT,04/06/2018,"SQ *PACIUGO GELATO AND San Antonio TX        04/05",-5.65,DEBIT_CARD,520.61,,
DEBIT,04/06/2018,"ORDERUP SAN ANTONIO TX                       04/05",-20.46,DEBIT_CARD,526.26,,
DEBIT,04/06/2018,"BIRD BAKERY LLC SAN ANTONIO TX               04/05",-6.75,DEBIT_CARD,546.72,,
DEBIT,04/06/2018,"OSAKA JAPANESE STEAK A 210-8220300 TX        04/04",-23.92,DEBIT_CARD,553.47,,
CREDIT,04/06/2018,"Online Transfer from SAV ...1797 transaction#: 7042632439",50.00,ACCT_XFER,577.39,,
DEBIT,04/05/2018,"SLING.COM 888-393-6312 CO                    04/04",-21.64,DEBIT_CARD,527.39,,
DEBIT,04/05/2018,"SHELL Service Station SAN ANTONIO TX 056116  04/05",-25.97,DEBIT_CARD,549.03,,
DEBIT,04/05/2018,"QuickPay with Zelle payment to D. F. Account 7040809063",-50.00,CHASE_TO_PARTNERFI,575.00,,
DEBIT,04/05/2018,"MCDONALD'S F26150 SAN ANTONIO TX             04/03",-8.66,DEBIT_CARD,625.00,,
DEBIT,04/04/2018,"Netflix.com netflix.com CA                   04/03",-15.14,DEBIT_CARD,633.66,,
DEBIT,04/04/2018,"Seville          WEB PMTS   SDPF31          WEB ID: 9084434801",-1070.90,ACH_DEBIT,648.80,,
DEBIT,04/04/2018,"Wal-Mart Super Center SAN ANTONIO TX         04/04",-16.90,DEBIT_CARD,1719.70,,
DEBIT,04/04/2018,"WHATABURGER 794    Q26 SAN ANTONIO TX        04/02",-13.35,DEBIT_CARD,1736.60,,
DEBIT,04/04/2018,"CAFE DU MONDE - NEW 504-5870835 LA           04/02",-4.96,DEBIT_CARD,1749.95,,
DEBIT,04/03/2018,"WORLD FAMOUS NAWLINS C NEW ORLEANS LA        04/02",-4.98,DEBIT_CARD,1754.91,,
DEBIT,04/03/2018,"PREMIUM PARKING 15045655546 LA               04/02",-10.00,DEBIT_CARD,1759.89,,
DEBIT,04/03/2018,"30 90 NEW ORLEANS LA                         03/31",-10.50,DEBIT_CARD,1769.89,,
DEBIT,04/02/2018,"Upwork 650-8534100 CA                        04/01",-10.00,DEBIT_CARD,1780.39,,
DEBIT,04/02/2018,"TARGET T- 3225 Louisia LAFAYETTE LA          04/02",-6.60,DEBIT_CARD,1790.39,,
DEBIT,04/02/2018,"TARGET T- 3225 Louisia LAFAYETTE LA          04/02",-3.61,DEBIT_CARD,1796.99,,
DEBIT,04/02/2018,"Amazon Digital Svcs amzn.com/bill WA         04/02",-9.73,DEBIT_CARD,1800.60,,
DEBIT,04/02/2018,"CANSECO'S ESPLA NEW ORLEANS LA               04/01",-14.53,DEBIT_CARD,1810.33,,
DEBIT,04/02/2018,"13 NEW ORLEANS LA                            04/01",-10.00,DEBIT_CARD,1824.86,,
DEBIT,04/02/2018,"DBA NEW ORLEANS NEW ORLEANS LA               04/01",-20.00,DEBIT_CARD,1834.86,,
DEBIT,04/02/2018,"CANSECO'S ESPLA NEW ORLEANS LA               03/31",-8.02,DEBIT_CARD,1854.86,,
DEBIT,04/02/2018,"ATM WITHDRAWAL                       003027  03/318014 BAND",-200.00,ATM,1862.88,,
DEBIT,04/02/2018,"QuickPay with Zelle payment to Mama 7025637119",-70.00,CHASE_TO_PARTNERFI,2062.88,,
DEBIT,04/02/2018,"SPEEDY CASH 888-3331360 KS                   03/31",-66.49,DEBIT_CARD,2132.88,,
DEBIT,04/02/2018,"Touchtunes.helpshift TouchTunes.co NY        03/29",-5.00,DEBIT_CARD,2199.37,,
CREDIT,04/02/2018,"ATM CASH DEPOSIT 03/31 8014 BANDERA RD SAN ANTONIO TX",50.00,ATM,2204.37,,
DEBIT,03/30/2018,"QuickPay with Zelle payment to Mama 7023864352",-530.00,CHASE_TO_PARTNERFI,2154.37,,
CREDIT,03/30/2018,"GIGAWARP TECHNOL PAYROLL                    PPD ID: 1812457168",2356.74,ACH_CREDIT,2684.37,,
DEBIT,03/29/2018,"TONGS THAI INC SAN ANTONIO TX                03/27",-20.13,DEBIT_CARD,327.63,,
DEBIT,03/27/2018,"UHS PHARMACY-DOWNTOWN SAN ANTONIO TX         03/26",-10.00,DEBIT_CARD,347.76,,
DEBIT,03/26/2018,"NON-CHASE ATM FEE-WITH",-2.50,FEE_TRANSACTION,357.76,,
DEBIT,03/26/2018,"DNH*GODADDY.COM 480-5058855 AZ               03/23",-14.91,DEBIT_CARD,360.26,,
DEBIT,03/26/2018,"FINE SPIR 5140 Broad ALAMO HEIGHTS TX        03/26",-2.14,DEBIT_CARD,375.17,,
DEBIT,03/26/2018,"Amazon Video On Dema AMZN.COM/bill WA        03/25",-4.32,DEBIT_CARD,377.31,,
DEBIT,03/26/2018,"LAS PALAPAS - CHUR SAN ANTONIO TX            03/24",-4.30,DEBIT_CARD,381.63,,
DEBIT,03/26/2018,"NON-CHASE ATM WITHDRAW               445545  03/24111 NW LO",-68.00,ATM,385.93,,
DEBIT,03/26/2018,"SACOLO LTD - TX SAN ANTONIO TX               03/25",-30.25,DEBIT_CARD,453.93,,
DEBIT,03/26/2018,"SHELL Service Station SAN ANTONIO TX 234457  03/24",-5.89,DEBIT_CARD,484.18,,
DEBIT,03/26/2018,"ATM WITHDRAWAL                       001485  03/248597 BLAN",-100.00,ATM,490.07,,
DEBIT,03/26/2018,"MCDONALD'S F26150 SAN ANTONIO TX             03/22",-12.99,DEBIT_CARD,590.07,,
CREDIT,03/26/2018,"Online Transfer from SAV ...1797 transaction#: 7008082163",50.00,ACCT_XFER,603.06,,
DEBIT,03/23/2018,"GOOGLE *HBO Dig Sv In 855-836-3987 CA        03/23",-16.23,DEBIT_CARD,553.06,,
DEBIT,03/23/2018,"TRANSFER TO SAV XXXXX1797 03/23",-50.00,ACCT_XFER,569.29,,
DEBIT,03/22/2018,"DNH*GODADDY.COM 480-5058855 AZ               03/21",-10.65,DEBIT_CARD,619.29,,
DEBIT,03/22/2018,"WM SUPERC Wal-Mart Sup SAN ANTONIO TX        03/22",-27.61,DEBIT_CARD,629.94,,
DEBIT,03/22/2018,"BIRD BAKERY LLC SAN ANTONIO TX               03/21",-8.98,DEBIT_CARD,657.55,,
DEBIT,03/22/2018,"U-HAUL MOVING & STORAG SAN ANTONIO TX        03/20",-87.90,DEBIT_CARD,666.53,,
DEBIT,03/22/2018,"MBI-PROBILLER.COM/RK 877-446-0668            03/20",-17.95,DEBIT_CARD,754.43,,
DEBIT,03/21/2018,"PlaystationNetwork 800-3457669 CA            03/21",-10.80,DEBIT_CARD,772.38,,
DEBIT,03/21/2018,"CENTRAL MARKET #191 SAN ANTONIO TX           03/20",-7.43,DEBIT_CARD,783.18,,
DEBIT,03/21/2018,"BIRD BAKERY LLC SAN ANTONIO TX               03/20",-5.50,DEBIT_CARD,790.61,,
DEBIT,03/20/2018,"CITY PUBLIC SRV  CPS WEBPMT 003003547826    WEB ID: 9746002071",-158.92,ACH_DEBIT,796.11,,
DEBIT,03/20/2018,"QuickPay with Zelle payment to Mama 6995723807",-1200.00,CHASE_TO_PARTNERFI,955.03,,
CREDIT,03/20/2018,"ATM CASH DEPOSIT 03/20 8014 BANDERA RD SAN ANTONIO TX",40.00,ATM,2155.03,,
DEBIT,03/19/2018,"MBI*PROBILLER.COM/BZ 8552329585 CA           03/19",-9.99,DEBIT_CARD,2115.03,,
DEBIT,03/19/2018,"PLANET FIT       CLUB FEES                  PPD ID: 1710602737",-10.83,ACH_DEBIT,2125.02,,
DEBIT,03/19/2018,"Amazon Video On Dema AMZN.COM/bill WA        03/18",-4.32,DEBIT_CARD,2135.85,,
DEBIT,03/19/2018,"BOX*BOX.NET CONSMR SRV 877-7294269 CA        03/17",-10.66,DEBIT_CARD,2140.17,,
DEBIT,03/19/2018,"MCDONALD'S F10675 SAN ANTONIO TX             03/17",-12.61,DEBIT_CARD,2150.83,,
DEBIT,03/19/2018,"DIAMOND SHINE SAN ANTONIO TX                 03/17",-6.00,DEBIT_CARD,2163.44,,
DEBIT,03/19/2018,"Amazon Video On Dema AMZN.COM/bill WA        03/16",-4.32,DEBIT_CARD,2169.44,,
DEBIT,03/19/2018,"JACK IN THE BOX 0819 SAN ANTONIO TX          03/16",-16.85,DEBIT_CARD,2173.76,,
DEBIT,03/19/2018,"TWC*TIME WARNER CABLE 888-TWCABLE TX         03/18",-93.00,DEBIT_CARD,2190.61,,
DEBIT,03/19/2018,"SPRINT *WIRELESS 800-639-6111 KS             03/17",-196.62,DEBIT_CARD,2283.61,,
DEBIT,03/19/2018,"MCDONALD'S F10675 SAN ANTONIO TX             03/15",-16.83,DEBIT_CARD,2480.23,,
DSLIP,03/19/2018,"REMOTE ONLINE DEPOSIT #          1",1346.00,CHECK_DEPOSIT,2497.06,1,
DEBIT,03/16/2018,"CarMax Auto      Finance    CARMAX029754854 WEB ID: E541821055",-376.35,ACH_DEBIT,1151.06,,
DEBIT,03/15/2018,"AmazonPrime Membersh amzn.com/prme WA        03/14",-14.06,DEBIT_CARD,1527.41,,
DEBIT,03/15/2018,"QuickPay with Zelle payment to Mama 6982740128",-434.00,CHASE_TO_PARTNERFI,1541.47,,
DEBIT,03/15/2018,"QuickPay with Zelle payment to Mama 6982262955",-486.00,CHASE_TO_PARTNERFI,1975.47,,
CREDIT,03/15/2018,"GIGAWARP TECHNOL PAYROLL                    PPD ID: 1812457168",2356.74,ACH_CREDIT,2461.47,,
DEBIT,03/14/2018,"PRIVATEINTERNETACCES HTTPSWWW.PRIV CO        03/12",-6.95,DEBIT_CARD,104.73,,
DEBIT,03/13/2018,"GOOGLE *OkCupid 855-836-3987 CA              03/12",-31.97,DEBIT_CARD,111.68,,
DEBIT,03/13/2018,"SPEEDY CASH 888-3331360 KS                   03/11",-500.00,DEBIT_CARD,143.65,,
DEBIT,03/13/2018,"U-HAUL SAN PEDRO SAN ANTONIO TX              03/10",-119.95,DEBIT_CARD,643.65,,
DEBIT,03/12/2018,"FINE SPIR 5140 Broad ALAMO HEIGHTS TX        03/12",-1.72,DEBIT_CARD,763.60,,
DEBIT,03/12/2018,"SQ *MERIT COFFEE - A Alamo Heights TX        03/12",-2.25,DEBIT_CARD,765.32,,
DEBIT,03/12/2018,"WM SUPERC Wal-Mart Sup SAN ANTONIO TX        03/11",-3.97,DEBIT_CARD,767.57,,
DEBIT,03/12/2018,"CORNER STORE 1084 SAN ANTONIO TX     767348  03/11",-6.26,DEBIT_CARD,771.54,,
DEBIT,03/12/2018,"SACOLO LTD - TX SAN ANTONIO TX               03/11",-25.25,DEBIT_CARD,777.80,,
DEBIT,03/12/2018,"SHELL Service Station SAN ANTONIO TX 403428  03/10",-4.39,DEBIT_CARD,803.05,,
DEBIT,03/12/2018,"DIAMOND SHINE SAN ANTONIO TX                 03/10",-6.00,DEBIT_CARD,807.44,,
DEBIT,03/12/2018,"ATM WITHDRAWAL                       004125  03/108597 BLAN",-60.00,ATM,813.44,,
DEBIT,03/12/2018,"TRANS CHINA BOWL EXPRE LEON VALLEY TX        03/07",-9.29,DEBIT_CARD,873.44,,
CREDIT,03/12/2018,"QuickPay with Zelle payment from VICTOR MAYORGA 6973406688",500.00,PARTNERFI_TO_CHASE,882.73,,
CREDIT,03/12/2018,"ATM CASH DEPOSIT 03/10 8597 BLANCO RD SAN ANTONIO TX",60.00,ATM,382.73,,
DEBIT,03/09/2018,"SQ *MERIT COFFEE - A Alamo Heights TX        03/09",-6.66,DEBIT_CARD,322.73,,
DEBIT,03/09/2018,"TRANSFER TO SAV XXXXX1797 03/09",-50.00,ACCT_XFER,329.39,,
DEBIT,03/09/2018,"PICNIKINS PATIO CAFE SAN ANTONIO TX          03/08",-17.07,DEBIT_CARD,379.39,,
DEBIT,03/09/2018,"MCDONALD'S F10675 SAN ANTONIO TX             03/07",-2.76,DEBIT_CARD,396.46,,
CREDIT,03/09/2018,"Online Transfer from SAV ...1797 transaction#: 6969670067",50.00,ACCT_XFER,399.22,,
DEBIT,03/08/2018,"VONAGE *PRICE+TAXES 866-243-4357 NJ          03/08",-40.02,DEBIT_CARD,349.22,,
DEBIT,03/07/2018,"Spotify USA 646-8375380 NY                   03/06",-16.23,DEBIT_CARD,389.24,,
DEBIT,03/07/2018,"CENTRAL MARKET #191 SAN ANTONIO TX           03/06",-10.20,DEBIT_CARD,405.47,,
DEBIT,03/06/2018,"Amazon Digital Svcs amzn.com/bill WA         03/06",-9.73,DEBIT_CARD,415.67,,
DEBIT,03/06/2018,"CENTRAL MARKET #191 SAN ANTONIO TX           03/05",-14.38,DEBIT_CARD,425.40,,
DEBIT,03/05/2018,"Netflix.com netflix.com CA                   03/03",-15.14,DEBIT_CARD,439.78,,
DEBIT,03/05/2018,"SLING.COM 888-393-6312 CO                    03/04",-21.64,DEBIT_CARD,454.92,,
DEBIT,03/05/2018,"SQ *MERIT COFFEE - A Alamo Heights TX        03/05",-5.75,DEBIT_CARD,476.56,,
DEBIT,03/05/2018,"AUTOZONE  4266 14810 B SAN ANTONIO TX663102  03/04",-7.03,DEBIT_CARD,482.31,,
DEBIT,03/05/2018,"Wal-Mart Super Center SAN ANTONIO TX         03/04",-4.49,DEBIT_CARD,489.34,,
DEBIT,03/05/2018,"DIAMOND SHINE SAN ANTONIO TX                 03/03",-6.00,DEBIT_CARD,493.83,,
DEBIT,03/05/2018,"BILL MILLER BAR-B-Q - SAN ANTONIO TX         03/03",-5.61,DEBIT_CARD,499.83,,
DEBIT,03/05/2018,"UHS PHARMACY-DOWNTOWN SAN ANTONIO TX         03/03",-30.00,DEBIT_CARD,505.44,,
DEBIT,03/05/2018,"CARWASH AMERICA EXPRES SAN ANTONIO TX        03/03",-24.00,DEBIT_CARD,535.44,,
DEBIT,03/05/2018,"MCDONALD'S F26150 SAN ANTONIO TX             03/02",-9.15,DEBIT_CARD,559.44,,
DEBIT,03/02/2018,"Upwork 650-8534100 CA                        03/01",-10.00,DEBIT_CARD,568.59,,
DEBIT,03/02/2018,"Amazon Digital Svcs amzn.com/bill WA         03/02",-9.73,DEBIT_CARD,578.59,,
DEBIT,03/01/2018,"Seville          WEB PMTS   64CL21          WEB ID: 9084434801",-1071.34,ACH_DEBIT,588.32,,
DEBIT,03/01/2018,"ATM WITHDRAWAL                       008372  03/018014 BAND",-100.00,ATM,1659.66,,
DEBIT,03/01/2018,"QuickPay with Zelle payment to Mama 6941280596",-540.00,CHASE_TO_PARTNERFI,1759.66,,
DEBIT,03/01/2018,"SPEEDY CASH 888-3331360 KS                   02/28",-80.74,DEBIT_CARD,2299.66,,
DEBIT,02/28/2018,"USA*MINUTE KEY, INC. BOULDER TX              02/27",-4.33,DEBIT_CARD,2380.40,,
DEBIT,02/28/2018,"U-HAUL MOVING & STORAG SAN ANTONIO TX        02/26",-102.90,DEBIT_CARD,2384.73,,
CREDIT,02/28/2018,"GIGAWARP TECHNOL PAYROLL                    PPD ID: 1812457168",2356.74,ACH_CREDIT,2487.63,,
DEBIT,02/27/2018,"WM SUPERC Wal-Mart Sup SAN ANTONIO TX        02/27",-1.93,DEBIT_CARD,130.89,,
DEBIT,02/27/2018,"QuickPay with Zelle payment to D. F. Account 6934749117",-32.50,CHASE_TO_PARTNERFI,132.82,,
DEBIT,02/26/2018,"DNH*GODADDY.COM 480-5058855 AZ               02/23",-14.91,DEBIT_CARD,165.32,,
DEBIT,02/26/2018,"Amazon.com AMZN.COM/BILL WA                  02/26",-21.48,DEBIT_CARD,180.23,,
DEBIT,02/26/2018,"BILL MILLER BAR-B-Q - SAN ANTONIO TX         02/25",-13.48,DEBIT_CARD,201.71,,
DEBIT,02/26/2018,"SHELL Service Station SAN ANTONIO TX 029658  02/25",-4.09,DEBIT_CARD,215.19,,
DEBIT,02/26/2018,"WHATABURGER 794    Q26 SAN ANTONIO TX        02/24",-8.97,DEBIT_CARD,219.28,,
DEBIT,02/26/2018,"SHELL Service Station SAN ANTONIO TX 065323  02/24",-34.69,DEBIT_CARD,228.25,,
DEBIT,02/26/2018,"MCDONALD'S F26150 SAN ANTONIO TX             02/24",-4.33,DEBIT_CARD,262.94,,
DEBIT,02/26/2018,"PIZZA HUT 6295 SAN ANTONIO TX                02/23",-35.83,DEBIT_CARD,267.27,,
DEBIT,02/26/2018,"CENTRAL MARKET #191 SAN ANTONIO TX           02/23",-6.32,DEBIT_CARD,303.10,,
DEBIT,02/26/2018,"BABY TACO GARAGE SAN ANTONIO TX              02/23",-20.07,DEBIT_CARD,309.42,,
DEBIT,02/26/2018,"LAS PALAPAS - CHUR SAN ANTONIO TX            02/22",-8.26,DEBIT_CARD,329.49,,
DEBIT,02/23/2018,"GOOGLE *HBO Dig Sv In 855-836-3987 CA        02/23",-16.23,DEBIT_CARD,337.75,,
DEBIT,02/23/2018,"SQ *MERIT COFFEE - A Alamo Heights TX        02/23",-6.06,DEBIT_CARD,353.98,,
DEBIT,02/23/2018,"TRANSFER TO SAV XXXXX1797 02/23",-50.00,ACCT_XFER,360.04,,
DEBIT,02/23/2018,"CENTRAL MARKET #191 SAN ANTONIO TX           02/22",-10.33,DEBIT_CARD,410.04,,
CREDIT,02/23/2018,"Online Transfer from SAV ...1797 transaction#: 6928370943",50.00,ACCT_XFER,420.37,,
DEBIT,02/22/2018,"DNH*GODADDY.COM 480-5058855 AZ               02/21",-10.65,DEBIT_CARD,370.37,,
DEBIT,02/22/2018,"CORNER STORE 2196 ALAMO HEIGHTS TX   703824  02/22",-7.81,DEBIT_CARD,381.02,,
DEBIT,02/22/2018,"JIMMY JOHNS - 979 - E 210-820-0800 TX        02/21",-11.20,DEBIT_CARD,388.83,,
DEBIT,02/21/2018,"PlaystationNetwork 800-3457669 CA            02/21",-10.80,DEBIT_CARD,400.03,,
DEBIT,02/21/2018,"CENTRAL MARKET #191 SAN ANTONIO TX           02/20",-11.77,DEBIT_CARD,410.83,,
DEBIT,02/20/2018,"MBI*PROBILLER.COM/BZ 8552329585 CA           02/17",-9.99,DEBIT_CARD,422.60,,
DEBIT,02/20/2018,"PLANET FIT       CLUB FEES                  PPD ID: 1710602737",-10.83,ACH_DEBIT,432.59,,
DEBIT,02/20/2018,"DNH*GODADDY.COM 480-5058855 AZ               02/16",-15.17,DEBIT_CARD,443.42,,
DEBIT,02/20/2018,"DNH*GODADDY.COM 480-5058855 AZ               02/19",-19.17,DEBIT_CARD,458.59,,
DEBIT,02/20/2018,"AMAZON MKTPLACE PMTS AMZN.COM/BILL WA        02/20",-12.92,DEBIT_CARD,477.76,,
DEBIT,02/20/2018,"QuickPay with Zelle payment to D. F. Account 6916055019",-40.00,CHASE_TO_PARTNERFI,490.68,,
DEBIT,02/20/2018,"CENTRAL MARKET #191 SAN ANTONIO TX           02/19",-14.53,DEBIT_CARD,530.68,,
DEBIT,02/20/2018,"SQ *GIRL SCOUTS OF SOU San Antonio TX        02/18",-8.00,DEBIT_CARD,545.21,,
DEBIT,02/20/2018,"WM SUPERC Wal-Mart Sup SAN ANTONIO TX        02/18",-28.51,DEBIT_CARD,553.21,,
DEBIT,02/20/2018,"SPORT CLIPS - TX323 - SAN ANTONIO TX         02/18",-28.00,DEBIT_CARD,581.72,,
DEBIT,02/20/2018,"QuickPay with Zelle payment to Mama 6913538258",-210.00,CHASE_TO_PARTNERFI,609.72,,
DEBIT,02/20/2018,"QuickPay with Zelle payment to D. F. Account 6913212017",-50.00,CHASE_TO_PARTNERFI,819.72,,
DEBIT,02/20/2018,"U-HAUL SAN PEDRO SAN ANTONIO TX              02/17",-10.90,DEBIT_CARD,869.72,,
DEBIT,02/20/2018,"CORNER STORE 2086 SAN ANTONIO TX     046570  02/17",-1.36,DEBIT_CARD,880.62,,
DEBIT,02/20/2018,"BOX*BOX.NET CONSMR SRV 877-7294269 CA        02/17",-10.66,DEBIT_CARD,881.98,,
DEBIT,02/20/2018,"LAS PALAPAS - CHUR SAN ANTONIO TX            02/17",-3.66,DEBIT_CARD,892.64,,
DEBIT,02/20/2018,"U-HAUL SAN PEDRO SAN ANTONIO TX              02/17",-44.69,DEBIT_CARD,896.30,,
DEBIT,02/20/2018,"BILL MILLER BAR-B-Q - SAN ANTONIO TX         02/17",-6.04,DEBIT_CARD,940.99,,
DEBIT,02/20/2018,"HEB  #102 SAN ANTONIO TX                     02/16",-14.68,DEBIT_CARD,947.03,,
DEBIT,02/20/2018,"PAPA JOHN'S 00892 210-308-7272 TX            02/17",-21.65,DEBIT_CARD,961.71,,
DEBIT,02/20/2018,"LAS PALAPAS - CHUR SAN ANTONIO TX            02/16",-8.63,DEBIT_CARD,983.36,,
DEBIT,02/20/2018,"SPEEDY CASH 888-3331360 KS                   02/15",-80.74,DEBIT_CARD,991.99,,
DEBIT,02/16/2018,"SQ *MERIT COFFEE - A Alamo Heights TX        02/16",-12.43,DEBIT_CARD,1072.73,,
DEBIT,02/16/2018,"STARBUCKS STORE 13839 SAN ANTONIO TX         02/15",-3.19,DEBIT_CARD,1085.16,,
DEBIT,02/16/2018,"5GUYS 0405 QSR SAN ANTONIO TX                02/15",-9.83,DEBIT_CARD,1088.35,,
DEBIT,02/16/2018,"MBI-PROBILLER.COM/RK 877-446-0668            02/15",-17.95,DEBIT_CARD,1098.18,,
DEBIT,02/15/2018,"AmazonPrime Membersh amzn.com/prme WA        02/14",-11.90,DEBIT_CARD,1116.13,,
DEBIT,02/15/2018,"VENMO            PAYMENT    909186293       WEB ID: 3264681992",-20.00,ACH_DEBIT,1128.03,,
DEBIT,02/15/2018,"PAYPAL           INST XFER  488J2ADW4A8PY   WEB ID: PAYPALSI77",-25.00,ACH_DEBIT,1148.03,,
DEBIT,02/15/2018,"QuickPay with Zelle payment to Mama 6905645528",-1230.00,CHASE_TO_PARTNERFI,1173.03,,
DEBIT,02/15/2018,"SPRINT *WIRELESS 800-639-6111 KS             02/15",-145.02,DEBIT_CARD,2403.03,,
CREDIT,02/15/2018,"GIGAWARP TECHNOL PAYROLL                    PPD ID: 1812457168",2356.74,ACH_CREDIT,2548.05,,
DEBIT,02/14/2018,"PRIVATEINTERNETACCES HTTPSWWW.PRIV CO        02/12",-6.95,DEBIT_CARD,191.31,,
DEBIT,02/14/2018,"TWC*TIME WARNER CABLE 888-TWCABLE TX         02/14",-87.00,DEBIT_CARD,198.26,,
DEBIT,02/13/2018,"CENTRAL MARKET #191 SAN ANTONIO TX           02/12",-11.37,DEBIT_CARD,285.26,,
DEBIT,02/13/2018,"MCDONALD'S F1725 SAN ANTONIO TX              02/11",-4.93,DEBIT_CARD,296.63,,
DEBIT,02/12/2018,"VENMO            PAYMENT    901982734       WEB ID: 3264681992",-25.00,ACH_DEBIT,301.56,,
DEBIT,02/12/2018,"VENMO            PAYMENT    902211828       WEB ID: 3264681992",-40.00,ACH_DEBIT,326.56,,
DEBIT,02/12/2018,"VENMO            PAYMENT    901370671       WEB ID: 3264681992",-50.00,ACH_DEBIT,366.56,,
DEBIT,02/12/2018,"VENMO            PAYMENT    903078612       WEB ID: 3264681992",-50.00,ACH_DEBIT,416.56,,
DEBIT,02/12/2018,"WAL-MART #4162 SAN ANTONIO TX                02/11",-12.95,DEBIT_CARD,466.56,,
DEBIT,02/12/2018,"TGI FRIDAY'S 1565 SAN ANTONIO TX             02/11",-35.12,DEBIT_CARD,479.51,,
DEBIT,02/12/2018,"BILL MILLER BAR-B-Q - SAN ANTONIO TX         02/11",-14.00,DEBIT_CARD,514.63,,
DEBIT,02/12/2018,"BILL MILLER BAR-B-Q - SAN ANTONIO TX         02/11",-11.32,DEBIT_CARD,528.63,,
DEBIT,02/12/2018,"QuickPay with Zelle payment to D. F. Account 6895100650",-80.00,CHASE_TO_PARTNERFI,539.95,,
DEBIT,02/12/2018,"HEB  #102 SAN ANTONIO TX                     02/10",-50.51,DEBIT_CARD,619.95,,
DEBIT,02/12/2018,"744080 - U-HAUL 5810 S SAN ANTONIO TX860752  02/10",-119.95,DEBIT_CARD,670.46,,
DEBIT,02/12/2018,"LAS PALAPAS - CHUR SAN ANTONIO TX            02/10",-4.63,DEBIT_CARD,790.41,,
DEBIT,02/12/2018,"SHELL Service Station SAN ANTONIO TX 073250  02/10",-38.24,DEBIT_CARD,795.04,,
DEBIT,02/12/2018,"GOOGLE *Wallet P2P C g.co/walleth# CA        02/09",-50.00,DEBIT_CARD,833.28,,
DEBIT,02/12/2018,"PAYPAL *CANDICENORI 402-935-7733 CA          02/09",-25.00,DEBIT_CARD,883.28,,
DEBIT,02/12/2018,"GOOGLE *W8 Tech g.co/helppay# CA             02/10",-24.99,DEBIT_CARD,908.28,,
CREDIT,02/12/2018,"QuickPay with Zelle payment from VICTOR MAYORGA 6894121715",500.00,PARTNERFI_TO_CHASE,933.27,,
DEBIT,02/09/2018,"TRANSFER TO SAV XXXXX1797 02/09",-50.00,ACCT_XFER,433.27,,
CREDIT,02/09/2018,"Online Transfer from SAV ...1797 transaction#: 6892215925",50.00,ACCT_XFER,483.27,,
CREDIT,02/09/2018,"QuickPay with Zelle payment from VICTOR MAYORGA 6892204756",300.00,PARTNERFI_TO_CHASE,433.27,,
DEBIT,02/08/2018,"VONAGE *PRICE+TAXES 866-243-4357 NJ          02/08",-40.02,DEBIT_CARD,133.27,,
DEBIT,02/08/2018,"HEB  #102 SAN ANTONIO TX                     02/07",-17.56,DEBIT_CARD,173.29,,
DEBIT,02/07/2018,"QuickPay with Zelle payment to D. F. Account 6885942829",-40.00,CHASE_TO_PARTNERFI,190.85,,
DEBIT,02/06/2018,"Spotify USA 646-8375380 NY                   02/06",-16.23,DEBIT_CARD,230.85,,
DEBIT,02/06/2018,"Wal-Mart Super Center SAN ANTONIO TX         02/06",-10.00,DEBIT_CARD,247.08,,
DEBIT,02/06/2018,"Amazon Digital Svcs amzn.com/bill WA         02/06",-9.73,DEBIT_CARD,257.08,,
DEBIT,02/06/2018,"CENTRAL MARKET #191 SAN ANTONIO TX           02/05",-10.86,DEBIT_CARD,266.81,,
DEBIT,02/05/2018,"Netflix.com netflix.com CA                   02/03",-15.14,DEBIT_CARD,277.67,,
DEBIT,02/05/2018,"SLING.COM 888-393-6312 CO                    02/04",-21.64,DEBIT_CARD,292.81,,
DEBIT,02/05/2018,"QuickPay with Zelle payment to D. F. Account 6880045145",-20.00,CHASE_TO_PARTNERFI,314.45,,
DEBIT,02/05/2018,"QuickPay with Zelle payment to D. F. Account 6879844455",-600.00,CHASE_TO_PARTNERFI,334.45,,
DEBIT,02/05/2018,"Wal-Mart Super Center SAN ANTONIO TX         02/03",-16.22,DEBIT_CARD,934.45,,
DEBIT,02/05/2018,"DIAMOND SHINE SAN ANTONIO TX                 02/03",-6.00,DEBIT_CARD,950.67,,
DEBIT,02/05/2018,"MCDONALD'S F10675 SAN ANTONIO TX             02/03",-5.41,DEBIT_CARD,956.67,,
DEBIT,02/05/2018,"PAPA JOHN'S 02750 210-764-7272 TX            02/03",-24.25,DEBIT_CARD,962.08,,
CREDIT,02/05/2018,"QuickPay with Zelle payment from VICTOR MAYORGA 6879757322",400.00,PARTNERFI_TO_CHASE,986.33,,
CREDIT,02/05/2018,"ATM CASH DEPOSIT 02/03 8014 BANDERA RD SAN ANTONIO TX",40.00,ATM,586.33,,
DEBIT,02/02/2018,"Upwork -165341750Memb 165-08534100 CA        02/01",-10.00,DEBIT_CARD,546.33,,
DEBIT,02/02/2018,"SQ *MERIT COFFEE - A Alamo Heights TX        02/02",-5.06,DEBIT_CARD,556.33,,
DEBIT,02/02/2018,"Amazon Digital Svcs amzn.com/bill WA         02/02",-9.73,DEBIT_CARD,561.39,,
DEBIT,02/02/2018,"SPEEDY CASH 888-3331360 KS                   01/31",-80.74,DEBIT_CARD,571.12,,
DEBIT,02/01/2018,"Seville          WEB PMTS   YVCZ11          WEB ID: 9084434801",-1067.59,ACH_DEBIT,651.86,,
DEBIT,02/01/2018,"QuickPay with Zelle payment to D. F. Account 6865802843",-40.00,CHASE_TO_PARTNERFI,1719.45,,
DEBIT,02/01/2018,"HEB  #102 SAN ANTONIO TX                     01/31",-29.70,DEBIT_CARD,1759.45,,
DEBIT,02/01/2018,"TWIN LIQUORS #65 512-222-0700 TX             01/31",-37.34,DEBIT_CARD,1789.15,,
DEBIT,02/01/2018,"CENTRAL MARKET #191 SAN ANTONIO TX           01/31",-9.74,DEBIT_CARD,1826.49,,
DEBIT,01/31/2018,"IRS              USATAXPYMT                 PPD ID: 3387702000",-1144.00,ACH_DEBIT,1836.23,,
DEBIT,01/31/2018,"QuickPay with Zelle payment to Mama 6865318783",-600.00,CHASE_TO_PARTNERFI,2980.23,,
DEBIT,01/31/2018,"SQ *LOCAL COFFEE - A Alamo Heights TX        01/31",-7.30,DEBIT_CARD,3580.23,,
CREDIT,01/31/2018,"QuickPay with Zelle payment from VICTOR MAYORGA 6858089857",1200.00,PARTNERFI_TO_CHASE,3587.53,,
CREDIT,01/31/2018,"GIGAWARP TECHNOL PAYROLL                    PPD ID: 1812457168",2356.74,ACH_CREDIT,2387.53,,
DEBIT,01/30/2018,"PAPA JOHN'S 00892 210-308-7272 TX            01/30",-18.15,DEBIT_CARD,30.79,,
DEBIT,01/29/2018,"Amazon Video On Dema AMZN.COM/bill WA        01/28",-4.32,DEBIT_CARD,48.94,,
DEBIT,01/29/2018,"HEB  #102 SAN ANTONIO TX                     01/27",-8.78,DEBIT_CARD,53.26,,
DEBIT,01/29/2018,"MCDONALD'S F26150 SAN ANTONIO TX             01/27",-12.23,DEBIT_CARD,62.04,,
DEBIT,01/29/2018,"LAS PALAPAS - CHUR SAN ANTONIO TX            01/25",-6.90,DEBIT_CARD,74.27,,
DEBIT,01/26/2018,"SHELL Service Station SAN ANTONIO TX 036822  01/26",-12.83,DEBIT_CARD,81.17,,
DEBIT,01/26/2018,"SQ *LOCAL COFFEE - A Alamo Heights TX        01/26",-13.48,DEBIT_CARD,94.00,,
DEBIT,01/26/2018,"TRANSFER TO SAV XXXXX1797 01/26",-50.00,ACCT_XFER,107.48,,
CREDIT,01/26/2018,"Online Transfer from SAV ...1797 transaction#: 6851370188",50.00,ACCT_XFER,157.48,,
DEBIT,01/25/2018,"JIMMY JOHNS - 979 - E 210-820-0800 TX        01/24",-13.39,DEBIT_CARD,107.48,,
DEBIT,01/25/2018,"60499 - UNIVERSITY HEA SAN ANTONIO TX        01/24",-4.00,DEBIT_CARD,120.87,,
DEBIT,01/25/2018,"60499 - UNIVERSITY HEA SAN ANTONIO TX        01/24",-1.00,DEBIT_CARD,124.87,,
DEBIT,01/24/2018,"DNH*GODADDY.COM 480-5058855 AZ               01/23",-14.91,DEBIT_CARD,125.87,,
DEBIT,01/24/2018,"CENTRAL MARKET #191 SAN ANTONIO TX           01/23",-4.74,DEBIT_CARD,140.78,,
DEBIT,01/23/2018,"GOOGLE *HBO Dig Sv In 855-836-3987 CA        01/23",-16.23,DEBIT_CARD,145.52,,
DEBIT,01/23/2018,"HEB  #102 SAN ANTONIO TX                     01/22",-19.97,DEBIT_CARD,161.75,,
DEBIT,01/23/2018,"JIMMY JOHNS - 979 - E 210-820-0800 TX        01/22",-11.20,DEBIT_CARD,181.72,,
DEBIT,01/23/2018,"MCDONALD'S F26150 SAN ANTONIO TX             01/21",-4.33,DEBIT_CARD,192.92,,
DEBIT,01/23/2018,"WHATABURGER 327    Q2 210-408-2691 TX        01/21",-8.97,DEBIT_CARD,197.25,,
DEBIT,01/22/2018,"DNH*GODADDY.COM 480-5058855 AZ               01/21",-10.65,DEBIT_CARD,206.22,,
DEBIT,01/22/2018,"PlaystationNetwork 800-3457669 CA            01/21",-10.80,DEBIT_CARD,216.87,,
DEBIT,01/22/2018,"REDBOX *DVD RENTAL 866-733-2693 IL           01/21",-19.49,DEBIT_CARD,227.67,,
DEBIT,01/22/2018,"HEB  #102 SAN ANTONIO TX                     01/21",-10.78,DEBIT_CARD,247.16,,
DEBIT,01/22/2018,"KRISPY KREME #1059 SAN ANTONIO TX            01/20",-5.84,DEBIT_CARD,257.94,,
DEBIT,01/22/2018,"AUTO AIR & VACUUM SERVI PLAINVIEW NY         01/20",-1.00,DEBIT_CARD,263.78,,
DEBIT,01/22/2018,"SHELL Service Station SAN ANTONIO TX 079241  01/20",-36.90,DEBIT_CARD,264.78,,
DEBIT,01/22/2018,"CARWASH AMERICA EXPRES SAN ANTONIO TX        01/20",-24.00,DEBIT_CARD,301.68,,
DEBIT,01/22/2018,"Amazon Video On Dema AMZN.COM/bill WA        01/20",-4.32,DEBIT_CARD,325.68,,
DEBIT,01/22/2018,"CENTRAL MARKET #191 SAN ANTONIO TX           01/19",-9.24,DEBIT_CARD,330.00,,
CREDIT,01/22/2018,"Online Transfer from SAV ...1797 transaction#: 6843022471",50.00,ACCT_XFER,339.24,,
CREDIT,01/22/2018,"ATM CASH DEPOSIT 01/21 12503 NW MILITARY HWY SAN ANTONIO TX",180.00,ATM,289.24,,
DEBIT,01/19/2018,"QuickPay with Zelle payment to D. F. Account 6836519419",-17.47,CHASE_TO_PARTNERFI,109.24,,
DEBIT,01/18/2018,"MBI*PROBILLER.COM/BZ 8552329585 CA           01/18",-9.99,DEBIT_CARD,126.71,,
DEBIT,01/18/2018,"CITY PUBLIC SRV  CPS WEBPMT 003003547826    WEB ID: 9746002071",-77.82,ACH_DEBIT,136.70,,
DEBIT,01/18/2018,"SQ *LOCAL COFFEE - A Alamo Heights TX        01/18",-7.69,DEBIT_CARD,214.52,,
DEBIT,01/18/2018,"BOX*BOX.NET CONSMR SRV 877-7294269 CA        01/17",-10.66,DEBIT_CARD,222.21,,
DEBIT,01/18/2018,"CENTRAL MARKET #191 SAN ANTONIO TX           01/17",-9.05,DEBIT_CARD,232.87,,
DEBIT,01/18/2018,"MBI-PROBILLER.COM/RK 877-446-0668            01/17",-17.95,DEBIT_CARD,241.92,,
DEBIT,01/17/2018,"PLANET FIT       CLUB FEES                  PPD ID: 1710602737",-10.83,ACH_DEBIT,259.87,,
DEBIT,01/17/2018,"QuickPay with Zelle payment to D. F. Account 6831317313",-40.00,CHASE_TO_PARTNERFI,270.70,,
DEBIT,01/17/2018,"SQ *LOCAL COFFEE - A Alamo Heights TX        01/17",-10.35,DEBIT_CARD,310.70,,
DEBIT,01/17/2018,"Amazon.com AMZN.COM/BILL WA                  01/16",-16.21,DEBIT_CARD,321.05,,
DEBIT,01/16/2018,"PlaystationNetwork 800-3457669 CA            01/14",-5.39,DEBIT_CARD,337.26,,
DEBIT,01/16/2018,"PlaystationNetwork 800-3457669 CA            01/14",-5.39,DEBIT_CARD,342.65,,
DEBIT,01/16/2018,"PRIVATEINTERNETACCES HTTPSWWW.PRIV CO        01/12",-6.95,DEBIT_CARD,348.04,,
DEBIT,01/16/2018,"AmazonPrime Membersh amzn.com/prme WA        01/14",-11.90,DEBIT_CARD,354.99,,
DEBIT,01/16/2018,"SPEEDY CASH 888-3331360 KS                   01/13",-326.00,DEBIT_CARD,366.89,,
DEBIT,01/16/2018,"SPRINT *WIRELESS 800-639-6111 KS             01/16",-137.89,DEBIT_CARD,692.89,,
DEBIT,01/16/2018,"MCDONALD'S F10675 SAN ANTONIO TX             01/14",-13.04,DEBIT_CARD,830.78,,
DEBIT,01/16/2018,"HEB  #102 SAN ANTONIO TX                     01/14",-51.12,DEBIT_CARD,843.82,,
DEBIT,01/16/2018,"60499 - UNIVERSITY HEA SAN ANTONIO TX        01/14",-1.00,DEBIT_CARD,894.94,,
DEBIT,01/16/2018,"WAL-MART #4162 SAN ANTONIO TX                01/14",-13.33,DEBIT_CARD,895.94,,
DEBIT,01/16/2018,"WAL-MART #4162 SAN ANTONIO TX                01/13",-22.58,DEBIT_CARD,909.27,,
DEBIT,01/16/2018,"Wal-Mart Super Center SAN ANTONIO TX         01/13",-13.23,DEBIT_CARD,931.85,,
DEBIT,01/16/2018,"PAPA JOHN'S 00892 210-308-7272 TX            01/14",-25.20,DEBIT_CARD,945.08,,
DEBIT,01/16/2018,"BIG LOTS STORES 3715 C SAN ANTONIO TX626527  01/13",-18.40,DEBIT_CARD,970.28,,
DEBIT,01/16/2018,"CENTRAL MARKET #191 SAN ANTONIO TX           01/12",-14.99,DEBIT_CARD,988.68,,
DEBIT,01/12/2018,"ATM WITHDRAWAL                       001046  01/128014 BAND",-400.00,ATM,1003.67,,
DEBIT,01/12/2018,"ATM WITHDRAWAL                       002609  01/128597 BLAN",-160.00,ATM,1403.67,,
DEBIT,01/12/2018,"QuickPay with Zelle payment to Mama 6817643155",-785.00,CHASE_TO_PARTNERFI,1563.67,,
DEBIT,01/12/2018,"TRANSFER TO SAV XXXXX1797 01/12",-50.00,ACCT_XFER,2348.67,,
DEBIT,01/12/2018,"HEB  #102 SAN ANTONIO TX                     01/11",-12.98,DEBIT_CARD,2398.67,,
DEBIT,01/12/2018,"EXXONMOBIL    47948484 SAN ANTONIO TX        01/11",-40.06,DEBIT_CARD,2411.65,,
DEBIT,01/12/2018,"SQ *PACIUGO GELATO AND San Antonio TX        01/11",-9.15,DEBIT_CARD,2451.71,,
DEBIT,01/12/2018,"ORDERUP SAN ANTONIO TX                       01/11",-12.83,DEBIT_CARD,2460.86,,
CREDIT,01/12/2018,"GIGAWARP TECHNOL PAYROLL                    PPD ID: 1812457168",2342.50,ACH_CREDIT,2473.69,,
DEBIT,01/11/2018,"QuickPay with Zelle payment to D. F. Account 6814178931",-388.00,CHASE_TO_PARTNERFI,131.19,,
DEBIT,01/11/2018,"CENTRAL MARKET #191 SAN ANTONIO TX           01/10",-3.99,DEBIT_CARD,519.19,,
CREDIT,01/11/2018,"QuickPay with Zelle payment from VICTOR MAYORGA 6814174531",400.00,PARTNERFI_TO_CHASE,523.18,,
DEBIT,01/10/2018,"PLAT PARKING - LOT 498 SAN ANTONIO TX        01/09",-1.00,DEBIT_CARD,123.18,,
DEBIT,01/10/2018,"CENTRAL MARKET #191 SAN ANTONIO TX           01/09",-6.93,DEBIT_CARD,124.18,,
DEBIT,01/09/2018,"QuickPay with Zelle payment to Diana Fonseca 6809646816",-150.00,CHASE_TO_PARTNERFI,131.11,,
CREDIT,01/09/2018,"QuickPay with Zelle payment from VICTOR MAYORGA 6809648999",100.00,PARTNERFI_TO_CHASE,281.11,,
CREDIT,01/09/2018,"QuickPay with Zelle payment from VICTOR MAYORGA 6809252157",150.00,PARTNERFI_TO_CHASE,181.11,,
DEBIT,01/08/2018,"GOOGLE *Tinder 855-836-3987 CA               01/06",-15.98,DEBIT_CARD,31.11,,
DEBIT,01/08/2018,"Spotify USA 646-8375380 NY                   01/06",-16.23,DEBIT_CARD,47.09,,
DEBIT,01/08/2018,"VONAGE *PRICE+TAXES 866-243-4357 NJ          01/08",-40.02,DEBIT_CARD,63.32,,
DEBIT,01/08/2018,"SHELL Service Station SAN ANTONIO TX 474591  01/08",-8.16,DEBIT_CARD,103.34,,
DEBIT,01/08/2018,"SAM'S Club SAN ANTONIO TX                    01/08",-4.32,DEBIT_CARD,111.50,,
DEBIT,01/08/2018,"QuickPay with Zelle payment to Diana Fonseca 6805998180",-20.00,CHASE_TO_PARTNERFI,115.82,,
DEBIT,01/08/2018,"TWIN LIQUORS #65 512-222-0700 TX             01/06",-18.39,DEBIT_CARD,135.82,,
DEBIT,01/08/2018,"WM SUPERC Wal-Mart Sup SAN ANTONIO TX        01/06",-11.23,DEBIT_CARD,154.21,,
DEBIT,01/08/2018,"PLAT PARKING - LOT 498 SAN ANTONIO TX        01/06",-2.00,DEBIT_CARD,165.44,,
DEBIT,01/08/2018,"Amazon Digital Svcs amzn.com/bill WA         01/06",-9.73,DEBIT_CARD,167.44,,
CREDIT,01/08/2018,"Online Transfer from SAV ...1797 transaction#: 6805316437",50.00,ACCT_XFER,177.17,,
DEBIT,01/05/2018,"SLING.COM 888-393-6312 CO                    01/04",-21.64,DEBIT_CARD,127.17,,
DEBIT,01/05/2018,"CORNER STORE 2196 ALAMO HEIGHTS TX   009617  01/05",-30.39,DEBIT_CARD,148.81,,
DEBIT,01/05/2018,"CORNER STORE 0003 SAN ANTONIO TX     013381  01/05",-3.81,DEBIT_CARD,179.20,,
DEBIT,01/04/2018,"Netflix.com netflix.com CA                   01/03",-15.14,DEBIT_CARD,183.01,,
DEBIT,01/04/2018,"MCDONALD'S F26150 SAN ANTONIO TX             01/02",-11.37,DEBIT_CARD,198.15,,
DEBIT,01/03/2018,"QuickPay with Zelle payment to Diana Fonseca 6795618063",-10.00,CHASE_TO_PARTNERFI,209.52,,
DEBIT,01/02/2018,"MONEY ORDER",-5.00,FEE_TRANSACTION,219.52,,
DEBIT,01/02/2018,"MONEY ORDER",-5.00,FEE_TRANSACTION,224.52,,
DEBIT,01/02/2018,"Upwork -161100503Memb 165-08534100 CA        01/01",-10.00,DEBIT_CARD,229.52,,
DEBIT,01/02/2018,"WM SUPERC Wal-Mart Sup SAN ANTONIO TX        01/02",-13.93,DEBIT_CARD,239.52,,
DEBIT,01/02/2018,"WITHDRAWAL 01/02",-1070.00,MISC_DEBIT,253.45,,
DEBIT,01/02/2018,"Amazon Digital Svcs amzn.com/bill WA         01/02",-9.73,DEBIT_CARD,1323.45,,
DEBIT,01/02/2018,"HEB  #102 SAN ANTONIO TX                     01/01",-32.22,DEBIT_CARD,1333.18,,
DEBIT,01/02/2018,"PAPA JOHN'S 02009 210-375-7272 TX            01/01",-32.92,DEBIT_CARD,1365.40,,
DEBIT,01/02/2018,"QuickPay with Zelle payment to Diana Fonseca 6788147822",-20.00,CHASE_TO_PARTNERFI,1398.32,,
DEBIT,01/02/2018,"FAMILY DOLLAR # SAN ANTONIO TX               12/31",-72.07,DEBIT_CARD,1418.32,,
DEBIT,01/02/2018,"SAMS CLUB SAM'S Club SAN ANTONIO TX          12/31",-74.73,DEBIT_CARD,1490.39,,
DEBIT,01/02/2018,"WAL-MART #4162 SAN ANTONIO TX                12/31",-27.14,DEBIT_CARD,1565.12,,
DEBIT,01/02/2018,"PHOENIX CHINESE CAFE SAN ANTONIO TX          12/31",-25.04,DEBIT_CARD,1592.26,,
DEBIT,01/02/2018,"HEB #102 SAN ANTONIO TX                      12/30",-50.63,DEBIT_CARD,1617.30,,
DEBIT,01/02/2018,"PAPA JOHN'S 02750 210-764-7272 TX            12/31",-30.90,DEBIT_CARD,1667.93,,
DEBIT,01/02/2018,"SHELL Service Station SAN ANTONIO TX 040025  12/30",-32.08,DEBIT_CARD,1698.83,,
DEBIT,01/02/2018,"QuickPay with Zelle payment to Diana Fonseca 6785164483",-120.00,CHASE_TO_PARTNERFI,1730.91,,
DEBIT,01/02/2018,"MEGAPLEX  AIRPORT SAN ANTONIO TX             12/29",-41.11,DEBIT_CARD,1850.91,,
DEBIT,01/02/2018,"TWISTED TATTOO SAN ANTONIO TX                12/29",-61.24,DEBIT_CARD,1892.02,,
DEBIT,01/02/2018,"TWC*TIME WARNER CABLE 888-TWCABLE TX         12/31",-173.37,DEBIT_CARD,1953.26,,
DEBIT,01/02/2018,"FAST EDDIES BILLIARDS SAN ANTONIO TX         12/29",-20.07,DEBIT_CARD,2126.63,,
DEBIT,01/02/2018,"Touchtunes.helpshift TouchTunes.co NY        12/29",-5.00,DEBIT_CARD,2146.70,,
DEBIT,01/02/2018,"WINGSTOP 6 SAN ANTONIO TX                    12/29",-12.75,DEBIT_CARD,2151.70,,
DEBIT,01/02/2018,"LAS PALAPAS - CHUR SAN ANTONIO TX            12/28",-3.23,DEBIT_CARD,2164.45,,
DEBIT,12/29/2017,"QuickPay with Zelle payment to Diana Fonseca 6782854568",-120.00,CHASE_TO_PARTNERFI,2167.68,,
DEBIT,12/29/2017,"QuickPay with Zelle payment to Mama 6782463983",-400.00,CHASE_TO_PARTNERFI,2287.68,,
DEBIT,12/29/2017,"TRANSFER TO SAV XXXXX1797 12/29",-50.00,ACCT_XFER,2687.68,,
DEBIT,12/29/2017,"Pho Plus SAN ANTONIO TX                      12/27",-18.10,DEBIT_CARD,2737.68,,
CREDIT,12/29/2017,"QuickPay with Zelle payment from VICTOR MAYORGA 6784465850",350.00,PARTNERFI_TO_CHASE,2755.78,,
CREDIT,12/29/2017,"GIGAWARP TECHNOL PAYROLL                    PPD ID: 1812457168",2342.50,ACH_CREDIT,2405.78,,
DEBIT,12/28/2017,"QuickPay with Zelle payment to Diana Fonseca 6776955521",-20.00,CHASE_TO_PARTNERFI,63.28,,
DEBIT,12/27/2017,"SQ *LOCAL COFFEE - A Alamo Heights TX        12/27",-7.66,DEBIT_CARD,83.28,,
DEBIT,12/27/2017,"QuickPay with Zelle payment to Diana Fonseca 6774613288",-40.00,CHASE_TO_PARTNERFI,90.94,,
DEBIT,12/27/2017,"TGI FRIDAY'S 1565 SAN ANTONIO TX             12/26",-33.81,DEBIT_CARD,130.94,,
DEBIT,12/27/2017,"HEB  #102 SAN ANTONIO TX                     12/26",-4.97,DEBIT_CARD,164.75,,
DEBIT,12/27/2017,"HEB  #102 SAN ANTONIO TX                     12/26",-25.16,DEBIT_CARD,169.72,,
DEBIT,12/27/2017,"CENTRAL MARKET #191 SAN ANTONIO TX           12/26",-12.24,DEBIT_CARD,194.88,,
DEBIT,12/27/2017,"LA MICHOACANA SAN ANTO SAN ANTONIO TX        12/25",-17.91,DEBIT_CARD,207.12,,
DEBIT,12/26/2017,"NON-CHASE ATM FEE-WITH",-2.50,FEE_TRANSACTION,225.03,,
DEBIT,12/26/2017,"DNH*GODADDY.COM 480-5058855 AZ               12/23",-11.72,DEBIT_CARD,227.53,,
DEBIT,12/26/2017,"GOOGLE *HBO Dig Sv In 855-836-3987 CA        12/23",-16.23,DEBIT_CARD,239.25,,
DEBIT,12/26/2017,"ATM WITHDRAWAL                       003515  12/258014 BAND",-40.00,ATM,255.48,,
DEBIT,12/26/2017,"QuickPay with Zelle payment to Diana Fonseca 6772327957",-30.00,CHASE_TO_PARTNERFI,295.48,,
DEBIT,12/26/2017,"STARBUCKS STORE 29619 SAN ANTONIO TX         12/25",-9.63,DEBIT_CARD,325.48,,
DEBIT,12/26/2017,"VIDA MARKET CN6 HOUSTON TX                   12/25",-8.49,DEBIT_CARD,335.11,,
DEBIT,12/26/2017,"NEW ORLEANS AIRPORT KENNER LA                12/24",-14.90,DEBIT_CARD,343.60,,
DEBIT,12/26/2017,"QuickPay with Zelle payment to Diana Fonseca 6770217997",-40.00,CHASE_TO_PARTNERFI,358.50,,
DEBIT,12/26/2017,"QuickPay with Zelle payment to Diana Fonseca 6770230584",-40.00,CHASE_TO_PARTNERFI,398.50,,
DEBIT,12/26/2017,"QuickPay with Zelle payment to Diana Fonseca 6770181545",-20.00,CHASE_TO_PARTNERFI,438.50,,
DEBIT,12/26/2017,"NON-CHASE ATM WITHDRAW               937461  12/2356 DRYFOU",-42.75,ATM,458.50,,
DEBIT,12/26/2017,"S B ENTERTAINMENT NEW ORLEANS LA             12/22",-22.00,DEBIT_CARD,501.25,,
CREDIT,12/26/2017,"Online Transfer from SAV ...1797 transaction#: 6771050935",50.00,ACCT_XFER,523.25,,
CREDIT,12/26/2017,"QuickPay with Zelle payment from BETHANY A JONES 6770124839",50.00,QUICKPAY_CREDIT,473.25,,
CREDIT,12/26/2017,"QuickPay with Zelle payment from VICTOR MAYORGA 6772059122",150.00,PARTNERFI_TO_CHASE,423.25,,
CREDIT,12/26/2017,"ATM CASH DEPOSIT 12/25 8597 BLANCO RD SAN ANTONIO TX",20.00,ATM,273.25,,
DEBIT,12/22/2017,"NON-CHASE ATM FEE-WITH",-2.50,FEE_TRANSACTION,253.25,,
DEBIT,12/22/2017,"NON-CHASE ATM FEE-WITH",-2.50,FEE_TRANSACTION,255.75,,
DEBIT,12/22/2017,"NON-CHASE ATM FEE-WITH",-2.50,FEE_TRANSACTION,258.25,,
DEBIT,12/22/2017,"NON-CHASE ATM FEE-WITH",-2.50,FEE_TRANSACTION,260.75,,
DEBIT,12/22/2017,"DNH*GODADDY.COM 480-5058855 AZ               12/21",-10.65,DEBIT_CARD,263.25,,
DEBIT,12/22/2017,"CANSECO'S ESPLA NEW ORLEANS LA               12/22",-3.01,DEBIT_CARD,273.90,,
DEBIT,12/22/2017,"QuickPay with Zelle payment to Diana Fonseca 6766472007",-40.00,CHASE_TO_PARTNERFI,276.91,,
DEBIT,12/22/2017,"NON-CHASE ATM WITHDRAW               857735  12/22433 BOURB",-110.00,ATM,316.91,,
DEBIT,12/22/2017,"NON-CHASE ATM WITHDRAW               856719  12/22501 BOURB",-103.99,ATM,426.91,,
DEBIT,12/22/2017,"NON-CHASE ATM WITHDRAW               858485  12/22501 BOURB",-43.99,ATM,530.90,,
DEBIT,12/22/2017,"NON-CHASE ATM WITHDRAW               851055  12/22423-427 B",-132.00,ATM,574.89,,
DEBIT,12/22/2017,"GOOGLE *Tinder g.co/helppay# CA              12/22",-15.98,DEBIT_CARD,706.89,,
DEBIT,12/22/2017,"LAS PALAPAS - CHUR SAN ANTONIO TX            12/20",-5.03,DEBIT_CARD,722.87,,
CREDIT,12/22/2017,"QuickPay with Zelle payment from VICTOR MAYORGA 6764985468",500.00,PARTNERFI_TO_CHASE,727.90,,
DEBIT,12/21/2017,"UBER   *TIP VTP37 800-592-8996 CA            12/21",-3.66,DEBIT_CARD,227.90,,
DEBIT,12/21/2017,"UBER   *TRIP VTP37 800-592-8996 CA           12/21",-36.84,DEBIT_CARD,231.56,,
DEBIT,12/21/2017,"PLAYSTATION NETWORK 800-345-7669 CA          12/20",-10.80,DEBIT_CARD,268.40,,
DEBIT,12/21/2017,"UBER   *TIP 7GBHV 800-592-8996 CA            12/20",-5.00,DEBIT_CARD,279.20,,
DEBIT,12/21/2017,"UBER   *TRIP 7GBHV 800-592-8996 CA           12/20",-11.99,DEBIT_CARD,284.20,,
DEBIT,12/21/2017,"MBI-PROBILLER.COM/RK 877-446-0668            12/20",-17.95,DEBIT_CARD,296.19,,
DEBIT,12/20/2017,"CITY PUBLIC SRV  CPS WEBPMT 003003547826    WEB ID: 9746002071",-106.27,ACH_DEBIT,314.14,,
DEBIT,12/20/2017,"QuickPay with Zelle payment to Diana Fonseca 6760233095",-40.00,CHASE_TO_PARTNERFI,420.41,,
DEBIT,12/20/2017,"SHELL Service Station SAN ANTONIO TX 097645  12/20",-29.62,DEBIT_CARD,460.41,,
DEBIT,12/20/2017,"QuickPay with Zelle payment to Diana Fonseca 6759067864",-60.00,CHASE_TO_PARTNERFI,490.03,,
DEBIT,12/20/2017,"Wal-Mart Super Center SAN ANTONIO TX         12/19",-7.01,DEBIT_CARD,550.03,,
DEBIT,12/20/2017,"CENTRAL MARKET #191 SAN ANTONIO TX           12/19",-10.26,DEBIT_CARD,557.04,,
CREDIT,12/20/2017,"ATM CASH DEPOSIT 12/19 12503 NW MILITARY HWY SAN ANTONIO TX",300.00,ATM,567.30,,
DEBIT,12/19/2017,"QuickPay with Zelle payment to Diana Fonseca 6757978730",-40.00,CHASE_TO_PARTNERFI,267.30,,
DEBIT,12/19/2017,"QuickPay with Zelle payment to Diana Fonseca 6757928642",-60.00,CHASE_TO_PARTNERFI,307.30,,
DEBIT,12/19/2017,"QuickPay with Zelle payment to Diana Fonseca 6757782317",-20.00,CHASE_TO_PARTNERFI,367.30,,
DEBIT,12/19/2017,"HEB  #102 SAN ANTONIO TX                     12/18",-30.29,DEBIT_CARD,387.30,,
DEBIT,12/19/2017,"UHS PHARMACY-DOWNTOWN SAN ANTONIO TX         12/18",-50.00,DEBIT_CARD,417.59,,
DEBIT,12/19/2017,"BOX*BOX.NET CONSMR SRV 877-7294269 CA        12/18",-10.66,DEBIT_CARD,467.59,,
DEBIT,12/19/2017,"CENTRAL MARKET #191 SAN ANTONIO TX           12/18",-12.76,DEBIT_CARD,478.25,,
DEBIT,12/19/2017,"U-HAUL MOVING & STORAG SAN ANTONIO TX        12/16",-87.90,DEBIT_CARD,491.01,,
DEBIT,12/18/2017,"PLANET FIT       CLUB FEES                  PPD ID: 1710602737",-10.83,ACH_DEBIT,578.91,,
DEBIT,12/18/2017,"SPEEDY CASH 888-3331360 KS                   12/15",-66.00,DEBIT_CARD,589.74,,
DEBIT,12/18/2017,"PAPA JOHN'S 00892 210-308-7272 TX            12/18",-21.65,DEBIT_CARD,655.74,,
DEBIT,12/18/2017,"WAL-MART #4162 SAN ANTONIO TX                12/17",-87.99,DEBIT_CARD,677.39,,
DEBIT,12/18/2017,"SHELL Service Station SAN ANTONIO TX 055210  12/17",-34.42,DEBIT_CARD,765.38,,
DEBIT,12/18/2017,"BILL MILLER BAR-B-Q - SAN ANTONIO TX         12/17",-11.32,DEBIT_CARD,799.80,,
DEBIT,12/18/2017,"SHELL Service Station SAN ANTONIO TX 623904  12/16",-0.50,DEBIT_CARD,811.12,,
DEBIT,12/18/2017,"SHELL Service Station SAN ANTONIO TX 623553  12/16",-5.51,DEBIT_CARD,811.62,,
DEBIT,12/18/2017,"Wal-Mart Super Center SAN ANTONIO TX         12/16",-22.57,DEBIT_CARD,817.13,,
DEBIT,12/18/2017,"KAI SUSHI RESTAURA SAN ANTONIO TX            12/16",-47.37,DEBIT_CARD,839.70,,
DEBIT,12/18/2017,"SHOE DEPT ENCORE 1575 SAN ANTONIO TX 881364  12/16",-59.52,DEBIT_CARD,887.07,,
DEBIT,12/18/2017,"SAMS CLUB SAM'S Club SAN ANTONIO TX          12/16",-59.96,DEBIT_CARD,946.59,,
DEBIT,12/18/2017,"TWIN LIQUORS #65 512-222-0700 TX             12/16",-85.51,DEBIT_CARD,1006.55,,
DEBIT,12/18/2017,"SPORT CLIPS - TX323 - SAN ANTONIO TX         12/16",-23.00,DEBIT_CARD,1092.06,,
DEBIT,12/18/2017,"Wal-Mart Super Center SAN ANTONIO TX         12/16",-101.27,DEBIT_CARD,1115.06,,
DEBIT,12/18/2017,"HEB  #102 SAN ANTONIO TX                     12/16",-113.11,DEBIT_CARD,1216.33,,
DEBIT,12/18/2017,"LAS PALAPAS - CHUR SAN ANTONIO TX            12/15",-1.94,DEBIT_CARD,1329.44,,
DEBIT,12/18/2017,"THE WINCHESTER SAN ANTONIO TX                12/15",-28.26,DEBIT_CARD,1331.38,,
DEBIT,12/18/2017,"SPRINT *WIRELESS 800-639-6111 KS             12/16",-135.07,DEBIT_CARD,1359.64,,
DEBIT,12/15/2017,"AmazonPrime Membersh amzn.com/prme WA        12/14",-11.90,DEBIT_CARD,1494.71,,
DEBIT,12/15/2017,"QuickPay with Zelle payment to Mama 6747540393",-865.00,CHASE_TO_PARTNERFI,1506.61,,
DEBIT,12/15/2017,"TRANSFER TO SAV XXXXX1797 12/15",-50.00,ACCT_XFER,2371.61,,
DEBIT,12/15/2017,"TST* SMOKE SHACK SAN ANTONIO TX              12/14",-17.32,DEBIT_CARD,2421.61,,
CREDIT,12/15/2017,"GIGAWARP TECHNOL PAYROLL                    PPD ID: 1812457168",2342.50,ACH_CREDIT,2438.93,,
DEBIT,12/14/2017,"STARBUCKS STORE 29619 SAN ANTONIO TX         12/13",-8.01,DEBIT_CARD,96.43,,
DEBIT,12/14/2017,"JIMMY JOHNS - 979 - E 210-820-0800 TX        12/13",-9.04,DEBIT_CARD,104.44,,
DEBIT,12/13/2017,"PRIVATEINTERNETACCES HTTPSWWW.PRIV CO        12/12",-6.95,DEBIT_CARD,113.48,,
DEBIT,12/13/2017,"HEB GAS #389 SAN ANTONIO TX                  12/13",-14.15,DEBIT_CARD,120.43,,
DEBIT,12/13/2017,"Wal-Mart Super Center SAN ANTONIO TX         12/13",-8.63,DEBIT_CARD,134.58,,
DEBIT,12/13/2017,"SAMSCLUB #6416 SAN ANTONIO TX                12/13",-17.25,DEBIT_CARD,143.21,,
DEBIT,12/13/2017,"CHILI'S 410 BROADWAY SAN ANTONIO TX          12/12",-87.26,DEBIT_CARD,160.46,,
DEBIT,12/13/2017,"CENTRAL MARKET #191 SAN ANTONIO TX           12/12",-6.28,DEBIT_CARD,247.72,,
CREDIT,12/13/2017,"ATM CASH DEPOSIT 12/13 12503 NW MILITARY HWY SAN ANTONIO TX",100.00,ATM,254.00,,
DEBIT,12/12/2017,"BEST BUY #201 SAN ANTONIO TX                 12/12",-199.99,DEBIT_CARD,154.00,,
DEBIT,12/12/2017,"SQ *LOCAL COFFEE - A Alamo Heights TX        12/12",-7.27,DEBIT_CARD,353.99,,
DEBIT,12/12/2017,"CENTRAL MARKET #191 SAN ANTONIO TX           12/11",-20.54,DEBIT_CARD,361.26,,
DEBIT,12/12/2017,"WU SANTANDER CNSMR US 888-222-4227 TX        12/12",-203.75,DEBIT_CARD,381.80,,
CREDIT,12/12/2017,"QuickPay with Zelle payment from VICTOR MAYORGA 6738250483",20.00,PARTNERFI_TO_CHASE,585.55,,
CREDIT,12/12/2017,"QuickPay with Zelle payment from VICTOR MAYORGA 6739301878",280.00,PARTNERFI_TO_CHASE,565.55,,
DEBIT,12/11/2017,"QuickPay with Zelle payment to Victor Mayorga 6736596624",-22.00,CHASE_TO_PARTNERFI,285.55,,
DEBIT,12/11/2017,"QuickPay with Zelle payment to Mama 6735322924",-40.00,CHASE_TO_PARTNERFI,307.55,,
DEBIT,12/11/2017,"OLD NAVY US 6615 SAN MARCOS TX       564566  12/10",-4.33,DEBIT_CARD,347.55,,
DEBIT,12/11/2017,"HEB  #102 SAN ANTONIO TX                     12/09",-24.42,DEBIT_CARD,351.88,,
DEBIT,12/11/2017,"PICNIKINS PATIO CAFE SAN ANTONIO TX          12/09",-40.26,DEBIT_CARD,376.30,,
DEBIT,12/11/2017,"HEB  #102 SAN ANTONIO TX                     12/09",-19.30,DEBIT_CARD,416.56,,
DEBIT,12/11/2017,"QuickPay with Zelle payment to Mama 6733139959",-250.00,CHASE_TO_PARTNERFI,435.86,,
DEBIT,12/11/2017,"CENTRAL MARKET #191 SAN ANTONIO TX           12/08",-12.97,DEBIT_CARD,685.86,,
CREDIT,12/11/2017,"Online Transfer from SAV ...1797 transaction#: 6733137356",100.00,ACCT_XFER,698.83,,
CREDIT,12/11/2017,"ATM CASH DEPOSIT 12/09 12503 NW MILITARY HWY SAN ANTONIO TX",370.00,ATM,598.83,,
DEBIT,12/08/2017,"VONAGE *PRICE+TAXES 866-243-4357 NJ          12/08",-40.37,DEBIT_CARD,228.83,,
DEBIT,12/08/2017,"SQ *LOCAL COFFEE - A Alamo Heights TX        12/08",-8.06,DEBIT_CARD,269.20,,
DEBIT,12/08/2017,"CENTRAL MARKET #191 SAN ANTONIO TX           12/07",-18.51,DEBIT_CARD,277.26,,
DEBIT,12/08/2017,"SQ *LOCAL COFFEE - A Alamo Heights TX        12/07",-9.29,DEBIT_CARD,295.77,,
DEBIT,12/08/2017,"LAS PALAPAS - CHUR SAN ANTONIO TX            12/06",-3.66,DEBIT_CARD,305.06,,
DEBIT,12/07/2017,"7-ELEVEN 36635 SAN ANTONIO TX        093637  12/07",-40.13,DEBIT_CARD,308.72,,
DEBIT,12/07/2017,"HEB  #102 SAN ANTONIO TX                     12/06",-39.03,DEBIT_CARD,348.85,,
DEBIT,12/06/2017,"GOOGLE *Tinder 855-836-3987 CA               12/06",-15.98,DEBIT_CARD,387.88,,
DEBIT,12/06/2017,"Spotify USA 646-8375380 NY                   12/06",-16.23,DEBIT_CARD,403.86,,
DEBIT,12/06/2017,"Amazon Digital Svcs amzn.com/bill WA         12/06",-9.73,DEBIT_CARD,420.09,,
DEBIT,12/06/2017,"CENTRAL MARKET #191 SAN ANTONIO TX           12/05",-9.21,DEBIT_CARD,429.82,,
DEBIT,12/05/2017,"SQ *LOCAL COFFEE - A Alamo Heights TX        12/05",-12.76,DEBIT_CARD,439.03,,
DEBIT,12/05/2017,"CENTRAL MARKET #191 SAN ANTONIO TX           12/04",-14.60,DEBIT_CARD,451.79,,
DEBIT,12/05/2017,"CENTRAL MARKET #191 SAN ANTONIO TX           12/04",-18.85,DEBIT_CARD,466.39,,
DEBIT,12/04/2017,"Upwork -157009869Memb 165-08534100 CA        12/01",-10.00,DEBIT_CARD,485.24,,
DEBIT,12/04/2017,"SLING.COM 888-393-6312 CO                    12/04",-21.64,DEBIT_CARD,495.24,,
DEBIT,12/04/2017,"Seville/BRE Sevi WEB PMTS   1WF6L2          WEB ID: 9000079613",-1079.00,ACH_DEBIT,516.88,,
DEBIT,12/04/2017,"HEB  #102 SAN ANTONIO TX                     12/03",-14.85,DEBIT_CARD,1595.88,,
DEBIT,12/04/2017,"Netflix.com netflix.com CA                   12/03",-12.98,DEBIT_CARD,1610.73,,
DEBIT,12/04/2017,"WM SUPERC Wal-Mart Sup SAN ANTONIO TX        12/02",-17.18,DEBIT_CARD,1623.71,,
DEBIT,12/04/2017,"GOOGLE *Tinder g.co/helppay# CA              12/03",-4.25,DEBIT_CARD,1640.89,,
DEBIT,12/04/2017,"WM SUPERC Wal-Mart Sup SAN ANTONIO TX        12/02",-25.61,DEBIT_CARD,1645.14,,
DEBIT,12/04/2017,"DIAMOND SHINE SAN ANTONIO TX                 12/02",-5.00,DEBIT_CARD,1670.75,,
DEBIT,12/04/2017,"TRANS CHINA BOWL EXPRE LEON VALLEY TX        12/02",-9.29,DEBIT_CARD,1675.75,,
DEBIT,12/04/2017,"SAM'S Club SAN ANTONIO TX                    12/02",-53.70,DEBIT_CARD,1685.04,,
DEBIT,12/04/2017,"WM SUPERC Wal-Mart Sup SAN ANTONIO TX        12/02",-15.80,DEBIT_CARD,1738.74,,
DEBIT,12/04/2017,"QuickPay with Zelle payment to Mama 6714090404",-300.00,CHASE_TO_PARTNERFI,1754.54,,
DEBIT,12/04/2017,"Amazon Digital Svcs amzn.com/bill WA         12/02",-9.73,DEBIT_CARD,2054.54,,
DEBIT,12/04/2017,"PAPA JOHN'S 00892 210-308-7272 TX            12/02",-10.83,DEBIT_CARD,2064.27,,
DEBIT,12/04/2017,"LA MARGINAL RESTAURANT SAN ANTONIO TX        12/01",-18.05,DEBIT_CARD,2075.10,,
DEBIT,12/04/2017,"SORRENTO RISTORANTE SAN ANTONIO TX           11/30",-14.77,DEBIT_CARD,2093.15,,
DEBIT,12/01/2017,"TRANSFER TO SAV XXXXX1797 12/01",-50.00,ACCT_XFER,2107.92,,
DEBIT,12/01/2017,"STARBUCKS STORE 29619 SAN ANTONIO TX         11/30",-9.63,DEBIT_CARD,2157.92,,
DEBIT,11/30/2017,"Wal-Mart Super Center SAN ANTONIO TX         11/30",-5.99,DEBIT_CARD,2167.55,,
DEBIT,11/30/2017,"ATM WITHDRAWAL                       003886  11/3012503 NW",-300.00,ATM,2173.54,,
DEBIT,11/30/2017,"SHELL Service Station SAN ANTONIO TX 008018  11/30",-51.07,DEBIT_CARD,2473.54,,
DEBIT,11/30/2017,"CENTRAL MARKET #191 SAN ANTONIO TX           11/29",-10.61,DEBIT_CARD,2524.61,,
DEBIT,11/30/2017,"Valve 425-8899642 WA                         11/30",-14.99,DEBIT_CARD,2535.22,,
CREDIT,11/30/2017,"GIGAWARP TECHNOL PAYROLL                    PPD ID: 1812457168",2342.50,ACH_CREDIT,2550.21,,
DEBIT,11/29/2017,"UHS PHARMACY-DOWNTOWN SAN ANTONIO TX         11/28",-10.00,DEBIT_CARD,207.71,,
DEBIT,11/29/2017,"SQ *LOCAL COFFEE - A Alamo Heights TX        11/28",-6.66,DEBIT_CARD,217.71,,
DEBIT,11/29/2017,"PHOENIX CHINESE CAFE SAN ANTONIO TX          11/27",-25.31,DEBIT_CARD,224.37,,
DEBIT,11/29/2017,"STEAMGAMES.COM42595229 425-9522985 WA        11/28",-38.98,DEBIT_CARD,249.68,,
DEBIT,11/28/2017,"WM SUPERC Wal-Mart Sup SAN ANTONIO TX        11/28",-8.58,DEBIT_CARD,288.66,,
DEBIT,11/27/2017,"HEB #195 SAN ANTONIO TX                      11/26",-6.48,DEBIT_CARD,297.24,,
DEBIT,11/27/2017,"GOOGLE *Tinder g.co/helppay# CA              11/26",-4.25,DEBIT_CARD,303.72,,
DEBIT,11/27/2017,"SAM'S Club SAN ANTONIO TX                    11/25",-59.72,DEBIT_CARD,307.97,,
DEBIT,11/27/2017,"HEB  #229 AUSTIN TX                          11/25",-4.20,DEBIT_CARD,367.69,,
DEBIT,11/27/2017,"CARWASH AMERICA EXPRES SAN ANTONIO TX        11/25",-12.00,DEBIT_CARD,371.89,,
DEBIT,11/27/2017,"LAS PALAPAS - CHUR SAN ANTONIO TX            11/25",-6.33,DEBIT_CARD,383.89,,
DEBIT,11/27/2017,"HEB  #102 SAN ANTONIO TX                     11/25",-18.27,DEBIT_CARD,390.22,,
DEBIT,11/27/2017,"HEB  #102 SAN ANTONIO TX                     11/24",-29.62,DEBIT_CARD,408.49,,
DEBIT,11/27/2017,"SPORT CLIPS - TX323 - SAN ANTONIO TX         11/24",-23.00,DEBIT_CARD,438.11,,
CREDIT,11/27/2017,"ATM CASH DEPOSIT 11/25 12503 NW MILITARY HWY SAN ANTONIO TX",200.00,ATM,461.11,,
DEBIT,11/24/2017,"DNH*GODADDY.COM 480-5058855 AZ               11/23",-10.65,DEBIT_CARD,261.11,,
DEBIT,11/24/2017,"GOOGLE *HBO Dig Sv In 855-836-3987 CA        11/23",-16.23,DEBIT_CARD,271.76,,
DEBIT,11/24/2017,"FANDANGO.COM FANDANGO.COM CA                 11/23",-25.08,DEBIT_CARD,287.99,,
DEBIT,11/24/2017,"HEB  #102 SAN ANTONIO TX                     11/22",-38.01,DEBIT_CARD,313.07,,
DEBIT,11/24/2017,"LAS PALAPAS - CHUR SAN ANTONIO TX            11/22",-6.68,DEBIT_CARD,351.08,,
DEBIT,11/22/2017,"DNH*GODADDY.COM 480-5058855 AZ               11/21",-10.65,DEBIT_CARD,357.76,,
DEBIT,11/22/2017,"WM SUPERC Wal-Mart Sup SAN ANTONIO TX        11/22",-12.02,DEBIT_CARD,368.41,,
DEBIT,11/22/2017,"SHELL Service Station SAN ANTONIO TX 004378  11/22",-34.64,DEBIT_CARD,380.43,,
DEBIT,11/22/2017,"HEB  #102 SAN ANTONIO TX                     11/21",-13.85,DEBIT_CARD,415.07,,
DEBIT,11/22/2017,"CENTRAL MARKET #191 SAN ANTONIO TX           11/21",-15.53,DEBIT_CARD,428.92,,
DEBIT,11/21/2017,"BESTBUYCOM805507510751 888-BESTBUY MN        11/20",-16.23,DEBIT_CARD,444.45,,
DEBIT,11/21/2017,"MBI-PROBILLER.COM/RK 877-446-0668            11/18",-17.95,DEBIT_CARD,460.68,,
DEBIT,11/20/2017,"SQ *LOCAL COFFEE - A Alamo Heights TX        11/20",-8.19,DEBIT_CARD,478.63,,
DEBIT,11/20/2017,"WM SUPERC Wal-Mart Sup SAN ANTONIO TX        11/19",-15.59,DEBIT_CARD,486.82,,
DEBIT,11/20/2017,"WM SUPERC Wal-Mart Sup SAN ANTONIO TX        11/19",-39.37,DEBIT_CARD,502.41,,
DEBIT,11/20/2017,"HEB  #102 SAN ANTONIO TX                     11/18",-61.79,DEBIT_CARD,541.78,,
DEBIT,11/20/2017,"TARGET T- 13700 San Pe San Antonio TX        11/18",-25.24,DEBIT_CARD,603.57,,
DEBIT,11/20/2017,"THE HOME DEPOT #0582 SAN ANTONIO TX  506768  11/18",-4.30,DEBIT_CARD,628.81,,
DEBIT,11/20/2017,"SAMSCLUB #6416 SAN ANTONIO TX                11/18",-46.72,DEBIT_CARD,633.11,,
DEBIT,11/20/2017,"THE WASH TUB BLANCO - SAN ANTONIO TX         11/18",-139.99,DEBIT_CARD,679.83,,
DEBIT,11/20/2017,"U-HAUL MOVING & STORAG SAN ANTONIO TX        11/17",-87.90,DEBIT_CARD,819.82,,
DEBIT,11/20/2017,"CENTRAL MARKET #191 SAN ANTONIO TX           11/17",-15.91,DEBIT_CARD,907.72,,
DEBIT,11/20/2017,"TWC*TIME WARNER CABLE 888-TWCABLE TX         11/18",-87.00,DEBIT_CARD,923.63,,
DEBIT,11/17/2017,"PLANET FIT       CLUB FEES                  PPD ID: 1710602737",-10.83,ACH_DEBIT,1010.63,,
DEBIT,11/17/2017,"SPEEDY CASH 888-3331360 KS                   11/15",-126.62,DEBIT_CARD,1021.46,,
DEBIT,11/17/2017,"TRANSFER TO SAV XXXXX1797 11/17",-50.00,ACCT_XFER,1148.08,,
DEBIT,11/17/2017,"AMAZON MKTPLACE PMTS AMZN.COM/BILL WA        11/17",-4.12,DEBIT_CARD,1198.08,,
DEBIT,11/17/2017,"CENTRAL MARKET #191 SAN ANTONIO TX           11/16",-13.19,DEBIT_CARD,1202.20,,
DEBIT,11/16/2017,"Chester's Hamburgers SAN ANTONIO TX          11/16",-11.98,DEBIT_CARD,1215.39,,
DEBIT,11/16/2017,"HEB  #102 SAN ANTONIO TX                     11/15",-13.52,DEBIT_CARD,1227.37,,
DEBIT,11/16/2017,"UHS PHARMACY-DOWNTOWN SAN ANTONIO TX         11/15",-30.00,DEBIT_CARD,1240.89,,
DEBIT,11/16/2017,"JIMMY JOHNS - 979 - E 210-820-0800 TX        11/15",-13.64,DEBIT_CARD,1270.89,,
DEBIT,11/16/2017,"CORNER STORE 2327 SAN ANTONIO TX             11/14",-5.15,DEBIT_CARD,1284.53,,
DEBIT,11/15/2017,"AmazonPrime Membersh amzn.com/prme WA        11/14",-11.90,DEBIT_CARD,1289.68,,
DEBIT,11/15/2017,"WM SUPERC Wal-Mart Sup SAN ANTONIO TX        11/15",-12.82,DEBIT_CARD,1301.58,,
DEBIT,11/15/2017,"QuickPay with Zelle payment to Mama 6671201534",-1100.00,CHASE_TO_PARTNERFI,1314.40,,
CREDIT,11/15/2017,"GIGAWARP TECHNOL PAYROLL                    PPD ID: 1812457168",2342.50,ACH_CREDIT,2414.40,,
DEBIT,11/14/2017,"WAL-MART #4162 SAN ANTONIO TX                11/14",-2.31,DEBIT_CARD,71.90,,
DEBIT,11/14/2017,"CENTRAL MARKET #191 SAN ANTONIO TX           11/13",-9.36,DEBIT_CARD,74.21,,
DEBIT,11/13/2017,"PRIVATEINTERNETACCES HTTPSWWW.PRIV CO        11/12",-6.95,DEBIT_CARD,83.57,,
DEBIT,11/13/2017,"WAL-MART #4162 SAN ANTONIO TX                11/13",-26.25,DEBIT_CARD,90.52,,
DEBIT,11/13/2017,"EXPRESS LUBE #199 SAN ANTONIO TX     075588  11/12",-104.86,DEBIT_CARD,116.77,,
DEBIT,11/13/2017,"BILL MILLER BAR-B-Q - SAN ANTONIO TX         11/11",-15.61,DEBIT_CARD,221.63,,
DEBIT,11/13/2017,"HEB  #102 SAN ANTONIO TX                     11/11",-26.57,DEBIT_CARD,237.24,,
DEBIT,11/13/2017,"LAS PALAPAS - CHUR SAN ANTONIO TX            11/11",-5.81,DEBIT_CARD,263.81,,
CREDIT,11/13/2017,"Online Transfer from SAV ...1797 transaction#: 6663503541",50.00,ACCT_XFER,269.62,,
DEBIT,11/10/2017,"CORNER STORE 2196 ALAMO HEIGHTS TX   831650  11/10",-33.25,DEBIT_CARD,219.62,,
DEBIT,11/10/2017,"LONGHORN CAFE-FSH SAN ANTONIO TX             11/09",-10.96,DEBIT_CARD,252.87,,
DEBIT,11/09/2017,"WAL-MART #4162 SAN ANTONIO TX                11/09",-74.38,DEBIT_CARD,263.83,,
DEBIT,11/09/2017,"CENTRAL MARKET #191 SAN ANTONIO TX           11/08",-17.03,DEBIT_CARD,338.21,,
DEBIT,11/09/2017,"LAS PALAPAS - CHUR SAN ANTONIO TX            11/07",-5.38,DEBIT_CARD,355.24,,
DEBIT,11/08/2017,"VONAGE *PRICE+TAXES 866-243-4357 NJ          11/08",-40.37,DEBIT_CARD,360.62,,
DEBIT,11/08/2017,"PlaystationNetwork 800-3457669 CA            11/08",-64.94,DEBIT_CARD,400.99,,
DEBIT,11/08/2017,"QuickPay with Zelle payment to Mama 6653806007",-1500.00,CHASE_TO_PARTNERFI,465.93,,
DEBIT,11/08/2017,"SQ *LOCAL COFFEE - A Alamo Heights TX        11/08",-5.28,DEBIT_CARD,1965.93,,
DEBIT,11/07/2017,"GOOGLE *Tinder 855-836-3987 CA               11/06",-15.98,DEBIT_CARD,1971.21,,
DEBIT,11/07/2017,"HEB  #102 SAN ANTONIO TX                     11/06",-12.50,DEBIT_CARD,1987.19,,
DEBIT,11/06/2017,"Netflix.com netflix.com CA                   11/03",-12.98,DEBIT_CARD,1999.69,,
DEBIT,11/06/2017,"Spotify USA 646-8375380 NY                   11/06",-16.23,DEBIT_CARD,2012.67,,
DEBIT,11/06/2017,"SLING.COM 888-393-6312 CO                    11/04",-21.64,DEBIT_CARD,2028.90,,
DEBIT,11/06/2017,"Amazon Digital Svcs amzn.com/bill WA         11/06",-9.73,DEBIT_CARD,2050.54,,
DEBIT,11/06/2017,"HEB  #102 SAN ANTONIO TX                     11/05",-38.85,DEBIT_CARD,2060.27,,
DEBIT,11/06/2017,"HEB  #102 SAN ANTONIO TX                     11/05",-13.47,DEBIT_CARD,2099.12,,
DEBIT,11/06/2017,"WM SUPERC Wal-Mart Sup SAN ANTONIO TX        11/05",-40.85,DEBIT_CARD,2112.59,,
DEBIT,11/06/2017,"CARWASH AMERICA EXPRES SAN ANTONIO TX        11/05",-24.00,DEBIT_CARD,2153.44,,
DEBIT,11/06/2017,"PAPA JOHN'S 00892 210-308-7272 TX            11/05",-17.14,DEBIT_CARD,2177.44,,
DEBIT,11/06/2017,"SAMS CLUB SAM'S Club SAN ANTONIO TX          11/04",-50.68,DEBIT_CARD,2194.58,,
DEBIT,11/06/2017,"HEB  #102 SAN ANTONIO TX                     11/04",-64.00,DEBIT_CARD,2245.26,,
DEBIT,11/06/2017,"LAS PALAPAS - CHUR SAN ANTONIO TX            11/04",-6.66,DEBIT_CARD,2309.26,,
DEBIT,11/06/2017,"MCDONALD'S F26150 SAN ANTONIO TX             11/03",-3.52,DEBIT_CARD,2315.92,,
DEBIT,11/06/2017,"FINE SPIRITS EMPORIUM SAN ANTONIO TX         11/03",-3.44,DEBIT_CARD,2319.44,,
DEBIT,11/06/2017,"CENTRAL MARKET #191 SAN ANTONIO TX           11/03",-12.31,DEBIT_CARD,2322.88,,
DSLIP,11/06/2017,"REMOTE ONLINE DEPOSIT #          1",1870.00,CHECK_DEPOSIT,2335.19,1,
DEBIT,11/03/2017,"CITY PUBLIC SRV  CPS WEBPMT 003003547826    WEB ID: 9746002071",-101.12,ACH_DEBIT,465.19,,
DEBIT,11/03/2017,"TRANSFER TO SAV XXXXX1797 11/03",-50.00,ACCT_XFER,566.31,,
DEBIT,11/03/2017,"SHAKE SHACK - 1200 SAN ANTONIO TX            11/02",-16.42,DEBIT_CARD,616.31,,
DEBIT,11/02/2017,"SPEEDY CASH 888-3331360 KS                   10/31",-22.00,DEBIT_CARD,632.73,,
DEBIT,11/02/2017,"Seville/BRE Sevi WEB PMTS   99VXH2          WEB ID: 9000079613",-1080.52,ACH_DEBIT,654.73,,
DEBIT,11/02/2017,"WAL-MART #4162 SAN ANTONIO TX                11/02",-37.82,DEBIT_CARD,1735.25,,
DEBIT,11/02/2017,"CORNER STORE 2196 ALAMO HEIGHTS TX   869777  11/02",-16.36,DEBIT_CARD,1773.07,,
DEBIT,11/02/2017,"Amazon Digital Svcs amzn.com/bill WA         11/02",-9.73,DEBIT_CARD,1789.43,,
DEBIT,11/02/2017,"HEB  #102 SAN ANTONIO TX                     11/01",-22.59,DEBIT_CARD,1799.16,,
DEBIT,11/02/2017,"JIMMY JOHNS - 979 - E 210-820-0800 TX        11/01",-11.20,DEBIT_CARD,1821.75,,
DEBIT,11/02/2017,"AMAZON MKTPLACE PMTS AMZN.COM/BILL WA        11/01",-45.96,DEBIT_CARD,1832.95,,
CREDIT,11/02/2017,"ATM CASH DEPOSIT 11/02 8014 BANDERA RD SAN ANTONIO TX",40.00,ATM,1878.91,,
DEBIT,11/01/2017,"Upwork -152877945Memb 165-08534100 CA        11/01",-10.00,DEBIT_CARD,1838.91,,
DEBIT,11/01/2017,"DNH*GODADDY.COM 480-5058855 AZ               10/31",-34.99,DEBIT_CARD,1848.91,,
DEBIT,11/01/2017,"SQ *LOCAL COFFEE - A Alamo Heights TX        11/01",-6.41,DEBIT_CARD,1883.90,,
DEBIT,11/01/2017,"Amazon Video On Dema AMZN.COM/bill WA        11/01",-4.32,DEBIT_CARD,1890.31,,
DEBIT,11/01/2017,"SPRINT *WIRELESS 800-639-6111 KS             11/01",-133.74,DEBIT_CARD,1894.63,,
DEBIT,11/01/2017,"PAYPAL *PROFESSIONA 402-935-7733 CA          10/31",-24.02,DEBIT_CARD,2028.37,,
DEBIT,11/01/2017,"CENTRAL MARKET #191 SAN ANTONIO TX           10/31",-10.93,DEBIT_CARD,2052.39,,
DEBIT,10/31/2017,"QuickPay with Zelle payment to Mama 6632322548",-120.00,CHASE_TO_PARTNERFI,2063.32,,
DEBIT,10/31/2017,"QuickPay with Zelle payment to Mama 6632321574",-1500.00,CHASE_TO_PARTNERFI,2183.32,,
DEBIT,10/31/2017,"INDIA OVEN SAN ANTONIO TX                    10/30",-12.77,DEBIT_CARD,3683.32,,
CREDIT,10/31/2017,"GIGAWARP TECHNOL PAYROLL                    PPD ID: 1812457168",3408.05,ACH_CREDIT,3696.09,,
DEBIT,10/30/2017,"HEB  #102 SAN ANTONIO TX                     10/29",-20.31,DEBIT_CARD,288.04,,
DEBIT,10/30/2017,"PAPA JOHN'S 00892 210-308-7272 TX            10/29",-15.13,DEBIT_CARD,308.35,,
DEBIT,10/30/2017,"HEB  #102 SAN ANTONIO TX                     10/28",-29.33,DEBIT_CARD,323.48,,
DEBIT,10/30/2017,"SHELL Service Station SAN ANTONIO TX 062590  10/28",-48.95,DEBIT_CARD,352.81,,
DEBIT,10/30/2017,"UHS PHARMACY-DOWNTOWN SAN ANTONIO TX         10/28",-50.00,DEBIT_CARD,401.76,,
DEBIT,10/30/2017,"HEB  #556 SAN ANTONIO TX                     10/28",-6.20,DEBIT_CARD,451.76,,
DEBIT,10/30/2017,"SUBWAY        00382812 SAN ANTONIO TX        10/28",-18.31,DEBIT_CARD,457.96,,
CREDIT,10/30/2017,"Online Transfer from SAV ...1797 transaction#: 6625254835",300.00,ACCT_XFER,476.27,,
DEBIT,10/27/2017,"7-ELEVEN SAN ANTONIO TX                      10/27",-5.41,DEBIT_CARD,176.27,,
DEBIT,10/27/2017,"HEB  #102 SAN ANTONIO TX                     10/26",-14.52,DEBIT_CARD,181.68,,
DEBIT,10/26/2017,"HEB  #102 SAN ANTONIO TX                     10/25",-16.80,DEBIT_CARD,196.20,,
DEBIT,10/26/2017,"CENTRAL MARKET #191 SAN ANTONIO TX           10/25",-11.85,DEBIT_CARD,213.00,,
DEBIT,10/26/2017,"SORRENTO RISTORANTE SAN ANTONIO TX           10/24",-25.03,DEBIT_CARD,224.85,,
DEBIT,10/24/2017,"DNH*GODADDY.COM 480-5058855 AZ               10/23",-10.65,DEBIT_CARD,249.88,,
DEBIT,10/24/2017,"Amazon Video On Dema AMZN.COM/bill WA        10/23",-4.32,DEBIT_CARD,260.53,,
DEBIT,10/24/2017,"JIMMY JOHNS - 979 - E 210-820-0800 TX        10/23",-9.04,DEBIT_CARD,264.85,,
DEBIT,10/23/2017,"DNH*GODADDY.COM 480-5058855 AZ               10/21",-10.65,DEBIT_CARD,273.89,,
DEBIT,10/23/2017,"GOOGLE *HBO Dig Sv In 855-836-3987 CA        10/23",-16.23,DEBIT_CARD,284.54,,
DEBIT,10/23/2017,"BILL MILLER BAR-B-Q - SAN ANTONIO TX         10/22",-14.00,DEBIT_CARD,300.77,,
DEBIT,10/23/2017,"WM SUPERC Wal-Mart Sup SAN ANTONIO TX        10/22",-78.53,DEBIT_CARD,314.77,,
DEBIT,10/23/2017,"LAS PALAPAS - CHUR SAN ANTONIO TX            10/21",-8.37,DEBIT_CARD,393.30,,
DEBIT,10/23/2017,"SHELL Service Station SAN ANTONIO TX 223710  10/21",-10.07,DEBIT_CARD,401.67,,
DEBIT,10/23/2017,"HEB  #102 SAN ANTONIO TX                     10/20",-24.10,DEBIT_CARD,411.74,,
DEBIT,10/23/2017,"PLAYSTATION NETWORK 800-345-7669 CA          10/20",-10.80,DEBIT_CARD,435.84,,
DEBIT,10/23/2017,"MCDONALD'S F26150 SAN ANTONIO TX             10/20",-3.52,DEBIT_CARD,446.64,,
DEBIT,10/23/2017,"FORMOSA GARDEN SAN ANTONIO TX                10/20",-17.21,DEBIT_CARD,450.16,,
DEBIT,10/23/2017,"LAS PALAPAS - CHUR SAN ANTONIO TX            10/19",-7.52,DEBIT_CARD,467.37,,
DEBIT,10/20/2017,"SHELL Service Station SAN ANTONIO TX 094441  10/20",-34.09,DEBIT_CARD,474.89,,
DEBIT,10/20/2017,"TRANSFER TO SAV XXXXX1797 10/20",-50.00,ACCT_XFER,508.98,,
DEBIT,10/20/2017,"SOUTHTOWN 101 SAN ANTONIO TX                 10/19",-10.66,DEBIT_CARD,558.98,,
DEBIT,10/20/2017,"Amazon.com AMZN.COM/BILL WA                  10/20",-32.46,DEBIT_CARD,569.64,,
DEBIT,10/20/2017,"U-HAUL MOVING & STORAG SAN ANTONIO TX        10/18",-87.90,DEBIT_CARD,602.10,,
DEBIT,10/20/2017,"MBI-PROBILLER.COM/RK 877-446-0668            10/18",-17.95,DEBIT_CARD,690.00,,
DEBIT,10/19/2017,"DNH*GODADDY.COM 480-5058855 AZ               10/18",-15.17,DEBIT_CARD,707.95,,
DEBIT,10/19/2017,"CENTRAL MARKET #191 SAN ANTONIO TX           10/18",-15.45,DEBIT_CARD,723.12,,
DEBIT,10/18/2017,"CITY PUBLIC SRV  CPS WEBPMT 003003547826    WEB ID: 9746002071",-149.37,ACH_DEBIT,738.57,,
CREDIT,10/18/2017,"ATM CASH DEPOSIT 10/18 8014 BANDERA RD SAN ANTONIO TX",41.00,ATM,887.94,,
DEBIT,10/17/2017,"PLANET FIT       CLUB FEES                  PPD ID: 1710602737",-10.83,ACH_DEBIT,846.94,,
DEBIT,10/16/2017,"AmazonPrime Membersh amzn.com/prme WA        10/14",-11.90,DEBIT_CARD,857.77,,
DEBIT,10/16/2017,"SPEEDY CASH 888-3331360 KS                   10/15",-22.00,DEBIT_CARD,869.67,,
DEBIT,10/16/2017,"BILL MILLER BAR-B-Q - SAN ANTONIO TX         10/15",-10.00,DEBIT_CARD,891.67,,
DEBIT,10/16/2017,"BILL MILLER BAR-B-Q - SAN ANTONIO TX         10/15",-5.61,DEBIT_CARD,901.67,,
DEBIT,10/16/2017,"WM SUPERC Wal-Mart Sup SAN ANTONIO TX        10/15",-45.58,DEBIT_CARD,907.28,,
DEBIT,10/16/2017,"BAKLOVAH BAKERY SAN ANTONIO TX               10/14",-20.56,DEBIT_CARD,952.86,,
DEBIT,10/16/2017,"AMAZON MKTPLACE PMTS AMZN.COM/BILL WA        10/15",-12.99,DEBIT_CARD,973.42,,
DEBIT,10/16/2017,"HEB  #102 SAN ANTONIO TX                     10/14",-59.67,DEBIT_CARD,986.41,,
DEBIT,10/16/2017,"DIAMOND SHINE SAN ANTONIO TX                 10/14",-5.00,DEBIT_CARD,1046.08,,
DEBIT,10/16/2017,"Wal-Mart Super Center SAN ANTONIO TX         10/14",-64.72,DEBIT_CARD,1051.08,,
DEBIT,10/16/2017,"SHELL Service Station SAN ANTONIO TX 095672  10/14",-51.74,DEBIT_CARD,1115.80,,
DEBIT,10/16/2017,"MCDONALD'S F10675 SAN ANTONIO TX             10/14",-15.70,DEBIT_CARD,1167.54,,
DEBIT,10/16/2017,"PAPA JOHN'S 00892 210-308-7272 TX            10/14",-21.39,DEBIT_CARD,1183.24,,
DEBIT,10/16/2017,"AMAZON MKTPLACE PMTS AMZN.COM/BILL WA        10/14",-12.98,DEBIT_CARD,1204.63,,
DEBIT,10/16/2017,"SQ *LOCAL COFFEE - A Alamo Heights TX        10/13",-6.61,DEBIT_CARD,1217.61,,
DEBIT,10/16/2017,"TWC*TIME WARNER CABLE 888-TWCABLE TX         10/15",-87.00,DEBIT_CARD,1224.22,,
DEBIT,10/16/2017,"SPRINT *WIRELESS 800-639-6111 KS             10/14",-133.64,DEBIT_CARD,1311.22,,
DEBIT,10/16/2017,"LAS PALAPAS - CHUR SAN ANTONIO TX            10/12",-7.52,DEBIT_CARD,1444.86,,
DEBIT,10/13/2017,"QuickPay with Zelle payment to Mama 6591083676",-620.00,CHASE_TO_PARTNERFI,1452.38,,
DEBIT,10/13/2017,"LA MARGINAL RESTAURANT SAN ANTONIO TX        10/13",-21.40,DEBIT_CARD,2072.38,,
DEBIT,10/13/2017,"PRIVATEINTERNETACCES HTTPSWWW.PRIV CO        10/12",-6.95,DEBIT_CARD,2093.78,,
CREDIT,10/13/2017,"GIGAWARP TECHNOL PAYROLL                    PPD ID: 1812457168",2059.42,ACH_CREDIT,2100.73,,
DEBIT,10/12/2017,"Wal-Mart Super Center SAN ANTONIO TX         10/12",-28.67,DEBIT_CARD,41.31,,
DEBIT,10/12/2017,"JIMMY JOHNS - 979 - E 210-820-0800 TX        10/11",-11.20,DEBIT_CARD,69.98,,
DEBIT,10/12/2017,"MON THAI BISTRO SAN ANTONIO TX               10/10",-27.76,DEBIT_CARD,81.18,,
DEBIT,10/11/2017,"Amazon.com AMZN.COM/BILL WA                  10/11",-23.26,DEBIT_CARD,108.94,,
DEBIT,10/11/2017,"BILL MILLER BAR-B-Q - SAN ANTONIO TX         10/10",-2.80,DEBIT_CARD,132.20,,
DEBIT,10/10/2017,"VONAGE *PRICE+TAXES 866-243-4357 NJ          10/08",-40.37,DEBIT_CARD,135.00,,
DEBIT,10/10/2017,"WM SUPERC Wal-Mart Sup SAN ANTONIO TX        10/10",-34.67,DEBIT_CARD,175.37,,
DEBIT,10/10/2017,"AMAZON MKTPLACE PMTS AMZN.COM/BILL WA        10/10",-12.80,DEBIT_CARD,210.04,,
DEBIT,10/10/2017,"BILL MILLER BAR-B-Q - SAN ANTONIO TX         10/08",-10.00,DEBIT_CARD,222.84,,
DEBIT,10/10/2017,"CARWASH AMERICA EXPRES SAN ANTONIO TX        10/08",-24.00,DEBIT_CARD,232.84,,
DEBIT,10/10/2017,"WAL-MART #4162 SAN ANTONIO TX                10/08",-2.50,DEBIT_CARD,256.84,,
DEBIT,10/10/2017,"WM SUPERC Wal-Mart Sup SAN ANTONIO TX        10/08",-37.89,DEBIT_CARD,259.34,,
DEBIT,10/10/2017,"BESTBUYCOM804849053630 888-BESTBUY MN        10/08",-22.72,DEBIT_CARD,297.23,,
DEBIT,10/10/2017,"HEB  #102 SAN ANTONIO TX                     10/07",-19.42,DEBIT_CARD,319.95,,
DEBIT,10/10/2017,"GAME OVER- SA1 SAN ANTONIO TX                10/07",-5.40,DEBIT_CARD,339.37,,
DEBIT,10/10/2017,"PAPA JOHN'S 02750 210-764-7272 TX            10/07",-22.31,DEBIT_CARD,344.77,,
DEBIT,10/10/2017,"MCDONALD'S F2881 SAN ANTONIO TX              10/06",-4.32,DEBIT_CARD,367.08,,
DEBIT,10/10/2017,"CENTRAL MARKET #191 SAN ANTONIO TX           10/06",-4.89,DEBIT_CARD,371.40,,
DEBIT,10/10/2017,"OSAKA JAPANESE STEAK A 210-8220300 TX        10/06",-22.27,DEBIT_CARD,376.29,,
DEBIT,10/10/2017,"ORDERUP SAN ANTONIO TX                       10/05",-11.80,DEBIT_CARD,398.56,,
DEBIT,10/10/2017,"BESTBUYCOM804849053630 MINNEAPOLIS MN        10/08",1.08,DEBIT_CARD,410.36,,
DEBIT,10/06/2017,"Spotify USA 646-8375380 NY                   10/06",-16.23,DEBIT_CARD,409.28,,
DEBIT,10/06/2017,"TRANSFER TO SAV XXXXX1797 10/06",-50.00,ACCT_XFER,425.51,,
DEBIT,10/06/2017,"HEB  #102 SAN ANTONIO TX                     10/05",-22.50,DEBIT_CARD,475.51,,
DEBIT,10/06/2017,"HEB  #567 SAN ANTONIO TX                     10/05",-6.49,DEBIT_CARD,498.01,,
DEBIT,10/05/2017,"SLING.COM 888-393-6312 CO                    10/04",-21.64,DEBIT_CARD,504.50,,
DEBIT,10/05/2017,"CAPITAL ONE      MOBILE PMT 727739809200955 WEB ID: 9279744980",-25.00,ACH_DEBIT,526.14,,
DEBIT,10/05/2017,"SHELL Service Station SAN ANTONIO TX 064305  10/05",-50.02,DEBIT_CARD,551.14,,
CREDIT,10/05/2017,"ATM CASH DEPOSIT 10/05 8014 BANDERA RD SAN ANTONIO TX",25.00,ATM,601.16,,
DEBIT,10/04/2017,"Netflix.com netflix.com CA                   10/03",-12.98,DEBIT_CARD,576.16,,
DEBIT,10/04/2017,"Seville/BRE Sevi WEB PMTS   H721G2          WEB ID: 9000079613",-1080.03,ACH_DEBIT,589.14,,
DEBIT,10/04/2017,"HEB  #102 SAN ANTONIO TX                     10/03",-8.88,DEBIT_CARD,1669.17,,
DEBIT,10/04/2017,"LAS PALAPAS - CHUR SAN ANTONIO TX            09/30",-1.94,DEBIT_CARD,1678.05,,
DEBIT,10/03/2017,"HEB  #102 SAN ANTONIO TX                     10/02",-15.26,DEBIT_CARD,1679.99,,
DEBIT,10/03/2017,"QuickPay with Zelle payment to Mama 6562997003",-120.00,CHASE_TO_PARTNERFI,1695.25,,
DEBIT,10/03/2017,"UPWORKESCROW*MEMBERS 888-8503375 CA          10/01",-10.00,DEBIT_CARD,1815.25,,
DEBIT,10/02/2017,"SPEEDY CASH 888-3331360 KS                   09/30",-22.00,DEBIT_CARD,1825.25,,
DEBIT,10/02/2017,"BILL MILLER BAR-B-Q - SAN ANTONIO TX         10/01",-16.08,DEBIT_CARD,1847.25,,
DEBIT,10/02/2017,"HEB  #102 SAN ANTONIO TX                     10/01",-126.19,DEBIT_CARD,1863.33,,
DEBIT,10/02/2017,"BILL MILLER BAR-B-Q - SAN ANTONIO TX         10/01",-7.65,DEBIT_CARD,1989.52,,
DEBIT,10/02/2017,"CORNER STORE 0093 SAN ANTONIO TX     089690  09/30",-9.82,DEBIT_CARD,1997.17,,
DEBIT,10/02/2017,"PAPA JOHN'S 00892 210-308-7272 TX            09/30",-27.08,DEBIT_CARD,2006.99,,
DEBIT,10/02/2017,"MON THAI BISTRO SAN ANTONIO TX               09/29",-33.03,DEBIT_CARD,2034.07,,
DEBIT,10/02/2017,"3777 EL POLLO LOCO SAN ANTONIO TX            09/29",-8.65,DEBIT_CARD,2067.10,,
DEBIT,09/29/2017,"CORNER STORE 2196 ALAMO HEIGHTS TX   693954  09/29",-7.02,DEBIT_CARD,2075.75,,
DEBIT,09/29/2017,"BESTBUYCOM804784002611 888-BESTBUY MN        09/28",-189.43,DEBIT_CARD,2082.77,,
DEBIT,09/29/2017,"CENTRAL MARKET #191 SAN ANTONIO TX           09/28",-5.88,DEBIT_CARD,2272.20,,
CREDIT,09/29/2017,"GIGAWARP TECHNOL PAYROLL                    PPD ID: 1812457168",2059.42,ACH_CREDIT,2278.08,,
DEBIT,09/28/2017,"SQ *LOCAL COFFEE - A Alamo Heights TX        09/28",-6.41,DEBIT_CARD,218.66,,
DEBIT,09/28/2017,"SHELL Service Station SAN ANTONIO TX 088293  09/28",-53.04,DEBIT_CARD,225.07,,
DEBIT,09/28/2017,"PLAYSTATION NETWORK 800-345-7669 CA          09/28",-32.45,DEBIT_CARD,278.11,,
DEBIT,09/28/2017,"INDIA OVEN SAN ANTONIO TX                    09/27",-32.93,DEBIT_CARD,310.56,,
DEBIT,09/28/2017,"LAS PALAPAS - CHUR SAN ANTONIO TX            09/26",-4.29,DEBIT_CARD,343.49,,
DEBIT,09/27/2017,"CORNER STORE 0029 SAN ANTONIO TX     275900  09/27",-4.29,DEBIT_CARD,347.78,,
DEBIT,09/27/2017,"SQ *LOCAL COFFEE - A Alamo Heights TX        09/27",-4.35,DEBIT_CARD,352.07,,
DEBIT,09/27/2017,"HEB  #556 SAN ANTONIO TX                     09/26",-6.94,DEBIT_CARD,356.42,,
DEBIT,09/27/2017,"CENTRAL MARKET #191 SAN ANTONIO TX           09/26",-16.41,DEBIT_CARD,363.36,,
DEBIT,09/27/2017,"LAS PALAPAS - CHUR SAN ANTONIO TX            09/24",-4.29,DEBIT_CARD,379.77,,
DEBIT,09/26/2017,"UNIV HEALTH CNTR-DWNTW SAN ANTONIO TX        09/25",-120.56,DEBIT_CARD,384.06,,
DEBIT,09/26/2017,"HI TONES SAN ANTONIO TX                      09/23",-14.25,DEBIT_CARD,504.62,,
DEBIT,09/25/2017,"DNH*GODADDY.COM 480-5058855 AZ               09/23",-10.65,DEBIT_CARD,518.87,,
DEBIT,09/25/2017,"GOOGLE *HBO Dig Sv In 855-836-3987 CA        09/23",-16.23,DEBIT_CARD,529.52,,
DEBIT,09/25/2017,"WM SUPERC Wal-Mart Sup SAN ANTONIO TX        09/25",-9.98,DEBIT_CARD,545.75,,
DEBIT,09/25/2017,"BILL MILLER BAR-B-Q - SAN ANTONIO TX         09/24",-7.04,DEBIT_CARD,555.73,,
DEBIT,09/25/2017,"THE BRASS MONKEY SAN ANTONIO TX              09/24",-12.75,DEBIT_CARD,562.77,,
DEBIT,09/25/2017,"TACOLAND PEARL SAN ANTONIO TX                09/24",-13.83,DEBIT_CARD,575.52,,
DEBIT,09/25/2017,"Blue Box Bar San Antonio TX                  09/24",-22.42,DEBIT_CARD,589.35,,
DEBIT,09/25/2017,"3776 EL POLLO LOCO SAN ANTONIO TX            09/24",-7.57,DEBIT_CARD,611.77,,
DEBIT,09/25/2017,"MCDONALD'S F2881 SAN ANTONIO TX              09/22",-8.10,DEBIT_CARD,619.34,,
DEBIT,09/25/2017,"CENTRAL MARKET #191 SAN ANTONIO TX           09/22",-13.90,DEBIT_CARD,627.44,,
DEBIT,09/22/2017,"DNH*GODADDY.COM 480-5058855 AZ               09/21",-10.65,DEBIT_CARD,641.34,,
DEBIT,09/22/2017,"TRANSFER TO SAV XXXXX1797 09/22",-50.00,ACCT_XFER,651.99,,
DEBIT,09/22/2017,"HEB  #102 SAN ANTONIO TX                     09/21",-36.53,DEBIT_CARD,701.99,,
DEBIT,09/22/2017,"SQ *LOCAL COFFEE - A Alamo Heights TX        09/21",-3.35,DEBIT_CARD,738.52,,
DEBIT,09/22/2017,"SORRENTO RISTORANTE SAN ANTONIO TX           09/21",-20.67,DEBIT_CARD,741.87,,
DEBIT,09/22/2017,"LAS PALAPAS - CHUR SAN ANTONIO TX            09/20",-2.77,DEBIT_CARD,762.54,,
DEBIT,09/21/2017,"CITY PUBLIC SRV  CPS WEBPMT 003003547826    WEB ID: 9746002071",-122.40,ACH_DEBIT,765.31,,
DEBIT,09/21/2017,"PLAYSTATION NETWORK 800-345-7669 CA          09/20",-10.80,DEBIT_CARD,887.71,,
DEBIT,09/21/2017,"CENTRAL MARKET #191 SAN ANTONIO TX           09/20",-11.93,DEBIT_CARD,898.51,,
DEBIT,09/21/2017,"MBI-PROBILLER.COM/RK 877-446-0668            09/20",-17.95,DEBIT_CARD,910.44,,
DEBIT,09/20/2017,"QuickPay with Zelle payment to Mama 6529964396",-600.00,CHASE_TO_PARTNERFI,928.39,,
DEBIT,09/20/2017,"CENTRAL MARKET #191 SAN ANTONIO TX           09/19",-10.51,DEBIT_CARD,1528.39,,
DEBIT,09/20/2017,"TWC*TIME WARNER CABLE 888-TWCABLE TX         09/20",-87.00,DEBIT_CARD,1538.90,,
DEBIT,09/19/2017,"SQ *LOCAL COFFEE - A Alamo Heights TX        09/19",-7.51,DEBIT_CARD,1625.90,,
DEBIT,09/19/2017,"CENTRAL MARKET #191 SAN ANTONIO TX           09/18",-10.63,DEBIT_CARD,1633.41,,
DEBIT,09/19/2017,"U-HAUL MOVING & STORAG SAN ANTONIO TX        09/17",-87.90,DEBIT_CARD,1644.04,,
DEBIT,09/18/2017,"PLANET FIT       CLUB FEES                  PPD ID: 1710602737",-10.83,ACH_DEBIT,1731.94,,
DEBIT,09/18/2017,"SPEEDY CASH 888-3331360 KS                   09/15",-22.00,DEBIT_CARD,1742.77,,
DEBIT,09/18/2017,"DIAMOND SHINE SAN ANTONIO TX                 09/17",-5.00,DEBIT_CARD,1764.77,,
DEBIT,09/18/2017,"LAS PALAPAS - CHUR SAN ANTONIO TX            09/16",-4.29,DEBIT_CARD,1769.77,,
DEBIT,09/18/2017,"HEB  #102 SAN ANTONIO TX                     09/16",-12.73,DEBIT_CARD,1774.06,,
DEBIT,09/18/2017,"HEB  #102 SAN ANTONIO TX                     09/16",-73.76,DEBIT_CARD,1786.79,,
DEBIT,09/18/2017,"WHATABURGER 794    Q26 SAN ANTONIO TX        09/16",-8.96,DEBIT_CARD,1860.55,,
DEBIT,09/18/2017,"LAS PALAPAS - CHUR SAN ANTONIO TX            09/15",-6.43,DEBIT_CARD,1869.51,,
DEBIT,09/18/2017,"MCDONALD'S F2881 SAN ANTONIO TX              09/15",-5.93,DEBIT_CARD,1875.94,,
DEBIT,09/18/2017,"IN N OUT BURGER 302 WINDCREST TX             09/15",-9.96,DEBIT_CARD,1881.87,,
DEBIT,09/18/2017,"SPRINT *WIRELESS 800-639-6111 KS             09/16",-145.46,DEBIT_CARD,1891.83,,
DEBIT,09/15/2017,"AmazonPrime Membersh amzn.com/prme WA        09/14",-11.90,DEBIT_CARD,2037.29,,
DEBIT,09/15/2017,"7-ELEVEN 36635 SAN ANTONIO TX                09/15",-36.00,DEBIT_CARD,2049.19,,
DEBIT,09/15/2017,"CORNER STORE 1055 SAN ANTONIO TX     087059  09/15",-6.88,DEBIT_CARD,2085.19,,
CREDIT,09/15/2017,"GIGAWARP TECHNOL PAYROLL                    PPD ID: 1812457168",2059.42,ACH_CREDIT,2092.07,,
DEBIT,09/14/2017,"HEB  #102 SAN ANTONIO TX                     09/13",-25.02,DEBIT_CARD,32.65,,
DEBIT,09/13/2017,"GOOGLE *OkCupid 855-836-3987 CA              09/13",-31.97,DEBIT_CARD,57.67,,
DEBIT,09/13/2017,"CENTRAL MARKET #191 SAN ANTONIO TX           09/12",-10.71,DEBIT_CARD,89.64,,
DEBIT,09/12/2017,"HEB  #102 SAN ANTONIO TX                     09/11",-11.62,DEBIT_CARD,100.35,,
DEBIT,09/12/2017,"CENTRAL MARKET #191 SAN ANTONIO TX           09/11",-12.23,DEBIT_CARD,111.97,,
DEBIT,09/11/2017,"CORNER STORE 2196 ALAMO HEIGHTS TX   686741  09/11",-6.72,DEBIT_CARD,124.20,,
DEBIT,09/11/2017,"HEB  #556 SAN ANTONIO TX                     09/10",-17.80,DEBIT_CARD,130.92,,
DEBIT,09/11/2017,"DIAMOND SHINE SAN ANTONIO TX                 09/10",-5.00,DEBIT_CARD,148.72,,
DEBIT,09/11/2017,"MCDONALD'S F2881 SAN ANTONIO TX              09/09",-2.08,DEBIT_CARD,153.72,,
DEBIT,09/11/2017,"60499 - UNIVERSITY HEA SAN ANTONIO TX        09/09",-1.00,DEBIT_CARD,155.80,,
DEBIT,09/11/2017,"HEB  #556 SAN ANTONIO TX                     09/09",-28.92,DEBIT_CARD,156.80,,
DEBIT,09/11/2017,"CENTRAL MARKET #191 SAN ANTONIO TX           09/08",-18.15,DEBIT_CARD,185.72,,
DEBIT,09/08/2017,"VONAGE *PRICE+TAXES 866-243-4357 NJ          09/08",-39.97,DEBIT_CARD,203.87,,
DEBIT,09/08/2017,"TRANSFER TO SAV XXXXX1797 09/08",-50.00,ACCT_XFER,243.84,,
DEBIT,09/08/2017,"FREDDYS FROZEN CUSTARD SAN ANTONIO TX        09/08",-9.61,DEBIT_CARD,293.84,,
DEBIT,09/08/2017,"ANCHOR BAR - SAN A SAN ANTONIO TX            09/07",-28.26,DEBIT_CARD,303.45,,
DEBIT,09/08/2017,"1919 SAN ANTONIO TX                          09/06",-24.48,DEBIT_CARD,331.71,,
DEBIT,09/08/2017,"Hot Joy San Antonio TX                       09/06",-37.80,DEBIT_CARD,356.19,,
DEBIT,09/07/2017,"GAMESTOP #1766 1205 N SAN ANTONIO TX 955936  09/07",-11.76,DEBIT_CARD,393.99,,
DEBIT,09/07/2017,"CORNER STORE 2196 ALAMO HEIGHTS TX   855507  09/07",-6.92,DEBIT_CARD,405.75,,
DEBIT,09/07/2017,"MCDONALD'S F10675 SAN ANTONIO TX             09/05",-9.63,DEBIT_CARD,412.67,,
DEBIT,09/06/2017,"Spotify USA 646-8375380 NY                   09/06",-16.23,DEBIT_CARD,422.30,,
DEBIT,09/06/2017,"LA MARGINAL RESTAURANT SAN ANTONIO TX        09/06",-18.66,DEBIT_CARD,438.53,,
DEBIT,09/06/2017,"CENTRAL MARKET #191 SAN ANTONIO TX           09/05",-13.00,DEBIT_CARD,457.19,,
DEBIT,09/06/2017,"CHELAS TACOS SAN ANTONIO TX                  09/05",-7.38,DEBIT_CARD,470.19,,
DEBIT,09/05/2017,"NETFLIX.COM NETFLIX.COM CA                   09/03",-12.98,DEBIT_CARD,477.57,,
DEBIT,09/05/2017,"SLING.COM 888-393-6312 CO                    09/04",-21.64,DEBIT_CARD,490.55,,
DEBIT,09/05/2017,"Seville/BRE Sevi WEB PMTS   6NJPC2          WEB ID: 9000079613",-1095.31,ACH_DEBIT,512.19,,
DEBIT,09/05/2017,"SQ *BAKERY LORRAINE AT San Antonio TX        09/04",-13.91,DEBIT_CARD,1607.50,,
DEBIT,09/05/2017,"UBER   *TIP NUOK6 800-592-8996 CA            09/04",-2.00,DEBIT_CARD,1621.41,,
DEBIT,09/05/2017,"UBER   *TIP I7DU6 800-592-8996 CA            09/04",-2.00,DEBIT_CARD,1623.41,,
DEBIT,09/05/2017,"UBER   *US SEP04 NUOK 800-592-8996 CA        09/04",-16.67,DEBIT_CARD,1625.41,,
DEBIT,09/05/2017,"TACOLAND PEARL SAN ANTONIO TX                09/04",-10.41,DEBIT_CARD,1642.08,,
DEBIT,09/05/2017,"HI TONES SAN ANTONIO TX                      09/04",-11.00,DEBIT_CARD,1652.49,,
DEBIT,09/05/2017,"THE BRASS MONKEY SAN ANTONIO TX              09/03",-15.00,DEBIT_CARD,1663.49,,
DEBIT,09/05/2017,"THE MIX SAN ANTONIO TX                       09/03",-9.33,DEBIT_CARD,1678.49,,
DEBIT,09/05/2017,"UBER   *US SEP03 I7DU 800-592-8996 CA        09/04",-15.97,DEBIT_CARD,1687.82,,
DEBIT,09/05/2017,"WM SUPERC Wal-Mart Sup SAN ANTONIO TX        09/03",-39.81,DEBIT_CARD,1703.79,,
DEBIT,09/05/2017,"SUPERCUTS 81600 SAN ANTONIO TX               09/03",-20.00,DEBIT_CARD,1743.60,,
DEBIT,09/05/2017,"BILL MILLER BAR-B-Q - SAN ANTONIO TX         09/03",-5.61,DEBIT_CARD,1763.60,,
DEBIT,09/05/2017,"QuickPay with Zelle payment to Mama 6491315792",-260.00,CHASE_TO_PARTNERFI,1769.21,,
DEBIT,09/05/2017,"Wal-Mart Super Center SAN ANTONIO TX         09/02",-16.15,DEBIT_CARD,2029.21,,
DEBIT,09/05/2017,"DIAMOND SHINE SAN ANTONIO TX                 09/02",-5.00,DEBIT_CARD,2045.36,,
DEBIT,09/05/2017,"HEB  #102 SAN ANTONIO TX                     09/02",-26.10,DEBIT_CARD,2050.36,,
DEBIT,09/05/2017,"CENTRAL MARKET #191 SAN ANTONIO TX           09/01",-10.91,DEBIT_CARD,2076.46,,
DEBIT,09/05/2017,"UPWORKESCROW*MEMBERS 888-8503375 CA          09/01",-10.00,DEBIT_CARD,2087.37,,
DEBIT,09/05/2017,"BILL MILLER BAR-B-Q - SAN ANTONIO TX         09/01",-7.55,DEBIT_CARD,2097.37,,
DEBIT,09/05/2017,"GRIMALDIS PIZZERIA QUA SAN ANTONIO TX        08/31",-26.73,DEBIT_CARD,2104.92,,
DEBIT,08/31/2017,"JIMMY JOHNS - 979 - E 210-820-0800 TX        08/30",-11.18,DEBIT_CARD,2131.65,,
DEBIT,08/31/2017,"TACOS EL REGIO SAN ANTONIO TX                08/30",-16.00,DEBIT_CARD,2142.83,,
DEBIT,08/31/2017,"1919 SAN ANTONIO TX                          08/29",-24.48,DEBIT_CARD,2158.83,,
CREDIT,08/31/2017,"GIGAWARP TECHNOL PAYROLL                    PPD ID: 1812457168",2059.42,ACH_CREDIT,2183.31,,
DEBIT,08/30/2017,"HEB  #102 SAN ANTONIO TX                     08/29",-21.92,DEBIT_CARD,123.89,,
DEBIT,08/30/2017,"CENTRAL MARKET #191 SAN ANTONIO TX           08/29",-13.32,DEBIT_CARD,145.81,,
DEBIT,08/30/2017,"LAS PALAPAS - CHUR SAN ANTONIO TX            08/28",-5.38,DEBIT_CARD,159.13,,
DEBIT,08/28/2017,"BILL MILLER BAR-B-Q - SAN ANTONIO TX         08/27",-16.11,DEBIT_CARD,164.51,,
DEBIT,08/28/2017,"WM SUPERC Wal-Mart Sup SAN ANTONIO TX        08/27",-20.06,DEBIT_CARD,180.62,,
DEBIT,08/28/2017,"MCDONALD'S F2881 SAN ANTONIO TX              08/26",-12.52,DEBIT_CARD,200.68,,
DEBIT,08/28/2017,"SHELL Service Station SAN ANTONIO TX 248468  08/26",-10.67,DEBIT_CARD,213.20,,
DEBIT,08/25/2017,"CORNER STORE 2196 ALAMO HEIGHTS TX   854986  08/25",-5.07,DEBIT_CARD,223.87,,
DEBIT,08/25/2017,"SHELL Service Station SAN ANTONIO TX 451832  08/25",-6.77,DEBIT_CARD,228.94,,
DEBIT,08/25/2017,"TRANSFER TO SAV XXXXX1797 08/25",-50.00,ACCT_XFER,235.71,,
DEBIT,08/25/2017,"GOOGLE *Tinder g.co/helppay# CA              08/25",-15.98,DEBIT_CARD,285.71,,
DEBIT,08/25/2017,"Cullum's Attagirl San Antonio TX             08/24",-20.50,DEBIT_CARD,301.69,,
DEBIT,08/24/2017,"PHOTOFEELER.COM 877-887-7815 CO              08/22",-9.00,DEBIT_CARD,322.19,,
DEBIT,08/24/2017,"DNH*GODADDY.COM 480-5058855 AZ               08/23",-10.65,DEBIT_CARD,331.19,,
DEBIT,08/24/2017,"HEB #102 SAN ANTONIO TX                      08/24",-85.50,DEBIT_CARD,341.84,,
DEBIT,08/24/2017,"SQ *STEEL CITY POPS - San Antonio TX         08/23",-6.00,DEBIT_CARD,427.34,,
DEBIT,08/24/2017,"JIMMY JOHNS - 979 - E 210-820-0800 TX        08/23",-11.18,DEBIT_CARD,433.34,,
DEBIT,08/24/2017,"MON THAI BISTRO SAN ANTONIO TX               08/22",-20.90,DEBIT_CARD,444.52,,
DEBIT,08/24/2017,"TWC*TIME WARNER CABLE 888-TWCABLE TX         08/24",-86.00,DEBIT_CARD,465.42,,
DEBIT,08/24/2017,"EMBERS STEAK HOUSE NEW ORLEANS LA            08/21",-53.29,DEBIT_CARD,551.42,,
DEBIT,08/23/2017,"GOOGLE *HBO Dig Sv In 855-836-3987 CA        08/23",-16.23,DEBIT_CARD,604.71,,
DEBIT,08/23/2017,"HEB  #102 SAN ANTONIO TX                     08/22",-21.42,DEBIT_CARD,620.94,,
DEBIT,08/22/2017,"DNH*GODADDY.COM 480-5058855 AZ               08/21",-10.65,DEBIT_CARD,642.36,,
DEBIT,08/22/2017,"ATM WITHDRAWAL                       005438  08/2211640 BAN",-160.00,ATM,653.01,,
DEBIT,08/22/2017,"CORNER STORE 2196 ALAMO HEIGHTS TX   855686  08/22",-4.93,DEBIT_CARD,813.01,,
DEBIT,08/22/2017,"NEW ORLEANS AIRPORT KENNER LA                08/21",-2.53,DEBIT_CARD,817.94,,
DEBIT,08/22/2017,"UNITED      016260328 800-932-2732 TX        08/21",-25.00,DEBIT_CARD,820.47,,
DEBIT,08/22/2017,"RIVERSIDE GIFT SHOP NEW ORLEANS LA           08/21",-17.57,DEBIT_CARD,845.47,,
DEBIT,08/22/2017,"FA DA TRADING NEW ORLEANS LA                 08/21",-6.00,DEBIT_CARD,863.04,,
DEBIT,08/22/2017,"BAYOU BEER GARDEN NEW ORLEANS LA             08/21",-14.50,DEBIT_CARD,869.04,,
DEBIT,08/22/2017,"BAYOU BEER GARDEN NEW ORLEANS LA             08/21",-23.00,DEBIT_CARD,883.54,,
DEBIT,08/22/2017,"THE SWAMP 504-5289400 LA                     08/19",-10.00,DEBIT_CARD,906.54,,
DEBIT,08/22/2017,"MBI-PROBILLER.COM/RK 877-446-0668            08/19",-17.95,DEBIT_CARD,916.54,,
CREDIT,08/22/2017,"STRIPE           TRANSFER                   CCD ID: 1800948598",388.10,ACH_CREDIT,934.49,,
DEBIT,08/21/2017,"NON-CHASE ATM FEE-WITH",-2.50,FEE_TRANSACTION,546.39,,
DEBIT,08/21/2017,"SQ *SION DANESHRAD New Orleans LA            08/21",-15.42,DEBIT_CARD,548.89,,
DEBIT,08/21/2017,"CANSECO'S ESPLA NEW ORLEANS LA               08/21",-4.37,DEBIT_CARD,564.31,,
DEBIT,08/21/2017,"GOOGLE *Tinder g.co/helppay# CA              08/21",-4.25,DEBIT_CARD,568.68,,
DEBIT,08/21/2017,"GOOGLE *Tinder g.co/helppay# CA              08/21",-4.25,DEBIT_CARD,572.93,,
DEBIT,08/21/2017,"PLAYSTATION NETWORK 800-345-7669 CA          08/20",-10.80,DEBIT_CARD,577.18,,
DEBIT,08/21/2017,"MANDINAS INC NEW ORLEANS LA                  08/20",-68.86,DEBIT_CARD,587.98,,
DEBIT,08/21/2017,"CANSECO'S ESPLA NEW ORLEANS LA               08/20",-3.12,DEBIT_CARD,656.84,,
DEBIT,08/21/2017,"SPRINT *WIRELESS 800-639-6111 KS             08/21",-139.12,DEBIT_CARD,659.96,,
DEBIT,08/21/2017,"NOLA POBOYS 504-522-2639 LA                  08/20",-20.35,DEBIT_CARD,799.08,,
DEBIT,08/21/2017,"MY BAR AT 635 NEW ORLEANS LA                 08/19",-12.50,DEBIT_CARD,819.43,,
DEBIT,08/21/2017,"SAINTS & SINNERS LLC NEW ORLEANS LA          08/20",-8.50,DEBIT_CARD,831.93,,
DEBIT,08/21/2017,"BEERFEST NEW ORLEANS LA                      08/19",-13.67,DEBIT_CARD,840.43,,
DEBIT,08/21/2017,"PAT OBRIENS PATIO BAR NEW ORLEANS LA         08/20",-30.00,DEBIT_CARD,854.10,,
DEBIT,08/21/2017,"CAFE DEGAS NEW ORLEANS LA                    08/19",-62.09,DEBIT_CARD,884.10,,
DEBIT,08/21/2017,"UBER   *TIP UXYFV 800-592-8996 CA            08/19",-4.00,DEBIT_CARD,946.19,,
DEBIT,08/21/2017,"UBER   *US AUG19 UXYF 800-592-8996 CA        08/19",-10.28,DEBIT_CARD,950.19,,
DEBIT,08/21/2017,"BLIND PELICAN NEW ORLEANS LA                 08/19",-29.86,DEBIT_CARD,960.47,,
DEBIT,08/21/2017,"MCDONALD'S F10675 SAN ANTONIO TX             08/19",-6.50,DEBIT_CARD,990.33,,
DEBIT,08/21/2017,"CANSECO'S ESPLA NEW ORLEANS LA               08/19",-6.77,DEBIT_CARD,996.83,,
DEBIT,08/21/2017,"NON-CHASE ATM WITHDRAW               061863  08/1956 DRYFOU",-42.75,ATM,1003.60,,
DEBIT,08/21/2017,"GOOGLE *Tinder g.co/helppay# CA              08/19",-4.25,DEBIT_CARD,1046.35,,
DEBIT,08/21/2017,"UBER   *TIP O67NG 800-592-8996 CA            08/18",-2.00,DEBIT_CARD,1050.60,,
DEBIT,08/21/2017,"UBER   *US AUG18 O67N 800-592-8996 CA        08/18",-7.49,DEBIT_CARD,1052.60,,
DEBIT,08/21/2017,"SQ *FRENCH MARKET JERKY Mandeville LA        08/18",-10.00,DEBIT_CARD,1060.09,,
DEBIT,08/21/2017,"JUSTRIDE NORTA 646-836-9165 NY               08/18",-9.50,DEBIT_CARD,1070.09,,
DEBIT,08/21/2017,"BON DU MONDE SAN ANTONIO TX                  08/18",-4.40,DEBIT_CARD,1079.59,,
DEBIT,08/21/2017,"UBER   *TIP CNXAU 800-592-8996 CA            08/18",-2.00,DEBIT_CARD,1083.99,,
DEBIT,08/21/2017,"UBER   *US AUG18 CNXA 800-592-8996 CA        08/18",-10.75,DEBIT_CARD,1085.99,,
DEBIT,08/21/2017,"UNITED      016260295 800-932-2732 TX        08/17",-25.00,DEBIT_CARD,1096.74,,
CREDIT,08/21/2017,"Chase QuickPay Electronic Transfer 6458731339 from BETHANY A JONES",27.00,QUICKPAY_CREDIT,1121.74,,
CREDIT,08/21/2017,"Chase QuickPay Electronic Transfer 6456097525 from BETHANY A JONES",31.00,QUICKPAY_CREDIT,1094.74,,
CREDIT,08/21/2017,"Chase QuickPay Electronic Transfer 6456971266 from BETHANY A JONES",35.00,QUICKPAY_CREDIT,1063.74,,
DEBIT,08/18/2017,"CANSECO'S ESPLA NEW ORLEANS LA               08/18",-35.51,DEBIT_CARD,1028.74,,
DEBIT,08/18/2017,"SHELL Service Station KENNER LA      922837  08/18",-2.84,DEBIT_CARD,1064.25,,
DEBIT,08/18/2017,"5GUYS 0405 QSR SAN ANTONIO TX                08/17",-14.27,DEBIT_CARD,1067.09,,
DEBIT,08/18/2017,"MENCHIES 489 THE RIM SAN ANTONIO TX          08/16",-6.65,DEBIT_CARD,1081.36,,
DEBIT,08/17/2017,"PLANET FIT       CLUB FEES                  PPD ID: 1710602737",-10.83,ACH_DEBIT,1088.01,,
DEBIT,08/17/2017,"SPEEDY CASH 888-3331360 KS                   08/15",-22.00,DEBIT_CARD,1098.84,,
DEBIT,08/17/2017,"7-ELEVEN 36635 SAN ANTONIO TX        033787  08/17",-20.10,DEBIT_CARD,1120.84,,
DEBIT,08/17/2017,"SHELL Service Station SAN ANTONIO TX 857714  08/17",-9.37,DEBIT_CARD,1140.94,,
DEBIT,08/17/2017,"ANCHOR BAR - SAN A SAN ANTONIO TX            08/16",-31.00,DEBIT_CARD,1150.31,,
DEBIT,08/17/2017,"JAMRA CAFE SAN ANTONIO TX                    08/16",-28.84,DEBIT_CARD,1181.31,,
DEBIT,08/17/2017,"MCDONALD'S F10675 SAN ANTONIO TX             08/15",-6.50,DEBIT_CARD,1210.15,,
DEBIT,08/16/2017,"Wal-Mart Super Center SAN ANTONIO TX         08/16",-46.19,DEBIT_CARD,1216.65,,
DEBIT,08/16/2017,"CENTRAL MARKET SAN ANTONIO TX                08/16",-10.17,DEBIT_CARD,1262.84,,
DEBIT,08/16/2017,"SQ *LOCAL COFFEE Alamo Heights TX            08/16",-9.85,DEBIT_CARD,1273.01,,
DEBIT,08/16/2017,"Chase QuickPay Electronic Transfer 6444331510 to Maria Ocampo",-550.00,CHASE_TO_PARTNERFI,1282.86,,
DEBIT,08/16/2017,"POTBELLY #450 SAN ANTONIO TX                 08/15",-11.58,DEBIT_CARD,1832.86,,
DEBIT,08/15/2017,"PHOTOFEELER.COM 877-887-7815 CO              08/13",-9.00,DEBIT_CARD,1844.44,,
DEBIT,08/15/2017,"AmazonPrime Membersh amzn.com/prme WA        08/14",-11.90,DEBIT_CARD,1853.44,,
DEBIT,08/15/2017,"THE UPS STORE #1317 51 SAN ANTONIO TX        08/15",-6.17,DEBIT_CARD,1865.34,,
DEBIT,08/15/2017,"ATM WITHDRAWAL                       003626  08/158014 BAND",-100.00,ATM,1871.51,,
DEBIT,08/15/2017,"CORNER STORE 2196 ALAMO HEIGHTS TX   645957  08/15",-1.49,DEBIT_CARD,1971.51,,
DEBIT,08/15/2017,"Chase QuickPay Electronic Transfer 6444313119 to BETHANY",-30.00,QUICKPAY_DEBIT,1973.00,,
DEBIT,08/15/2017,"CORNER STORE 2196 ALAMO HEIGHTS TX   429137  08/15",-38.16,DEBIT_CARD,2003.00,,
DEBIT,08/15/2017,"TRANSFER TO SAV XXXXX1797 08/15",-50.00,ACCT_XFER,2041.16,,
DEBIT,08/15/2017,"CENTRAL MARKET #191 SAN ANTONIO TX           08/14",-3.65,DEBIT_CARD,2091.16,,
CREDIT,08/15/2017,"GIGAWARP TECHNOL PAYROLL                    PPD ID: 1812457168",2059.42,ACH_CREDIT,2094.81,,
DEBIT,08/14/2017,"WM SUPERC Wal-Mart Sup SAN ANTONIO TX        08/14",-10.28,DEBIT_CARD,35.39,,
DEBIT,08/14/2017,"SHELL Service Station SAN ANTONIO TX 217896  08/14",-8.08,DEBIT_CARD,45.67,,
DEBIT,08/14/2017,"SHELL Service Station CIBOLO TX      071089  08/13",-18.99,DEBIT_CARD,53.75,,
DEBIT,08/14/2017,"Wal-Mart Super Center SAN ANTONIO TX         08/13",-2.51,DEBIT_CARD,72.74,,
DEBIT,08/14/2017,"SUPERCUTS 81600 SAN ANTONIO TX               08/13",-20.00,DEBIT_CARD,75.25,,
DEBIT,08/14/2017,"7-ELEVEN 36635 SAN ANTONIO TX        066933  08/12",-20.01,DEBIT_CARD,95.25,,
DEBIT,08/14/2017,"HEB  #102 SAN ANTONIO TX                     08/12",-4.56,DEBIT_CARD,115.26,,
DEBIT,08/14/2017,"MCDONALD'S F2881 SAN ANTONIO TX              08/12",-16.27,DEBIT_CARD,119.82,,
DEBIT,08/14/2017,"GOOGLE *Bumble g.co/helppay# CA              08/12",-1.99,DEBIT_CARD,136.09,,
DEBIT,08/14/2017,"PLAYSTATION NETWORK 800-345-7669 CA          08/12",-6.47,DEBIT_CARD,138.08,,
DEBIT,08/14/2017,"TORCHYS TACOS - LINCOL SAN ANTONIO TX        08/11",-11.58,DEBIT_CARD,144.55,,
CREDIT,08/14/2017,"Chase QuickPay Electronic Transfer 6438655889 from BETHANY A JONES",30.00,QUICKPAY_CREDIT,156.13,,
CREDIT,08/14/2017,"ATM CASH DEPOSIT 08/12 12503 NW MILITARY HWY SAN ANTONIO TX",85.00,ATM,126.13,,
DEBIT,08/11/2017,"SHELL Service Station SAN ANTONIO TX 073033  08/11",-3.18,DEBIT_CARD,41.13,,
DEBIT,08/11/2017,"PICNIKINS PATIO CAFE SAN ANTONIO TX          08/10",-15.16,DEBIT_CARD,44.31,,
DEBIT,08/10/2017,"CORNER STORE 2196 ALAMO HEIGHTS TX   837864  08/10",-5.23,DEBIT_CARD,59.47,,
CREDIT,08/10/2017,"Online Transfer from SAV ...1797 transaction#: 6433434002",25.00,ACCT_XFER,64.70,,
DEBIT,08/09/2017,"GOOGLE *Bumble 855-836-3987 CA               08/09",-7.99,DEBIT_CARD,39.70,,
DEBIT,08/09/2017,"PHOTOFEELER.COM 877-887-7815 CO              08/07",-9.00,DEBIT_CARD,47.69,,
DEBIT,08/09/2017,"SHELL Service Station SAN ANTONIO TX 510500  08/09",-5.38,DEBIT_CARD,56.69,,
DEBIT,08/08/2017,"VONAGE *PRICE+TAXES 866-243-4357 NJ          08/08",-39.97,DEBIT_CARD,62.07,,
DEBIT,08/08/2017,"CORNER STORE 2196 ALAMO HEIGHTS TX   028026  08/08",-3.24,DEBIT_CARD,102.04,,
DEBIT,08/08/2017,"UNITED      016235996 800-932-2732 TX        08/07",-201.60,DEBIT_CARD,105.28,,
DEBIT,08/08/2017,"JIMMY JOHNS - 979 - E 210-820-0800 TX        08/07",-12.18,DEBIT_CARD,306.88,,
CREDIT,08/08/2017,"Online Transfer from SAV ...1797 transaction#: 6427780684",74.92,ACCT_XFER,319.06,,
DEBIT,08/07/2017,"GOOGLE *Tinder 855-836-3987 CA               08/07",-10.65,DEBIT_CARD,244.14,,
DEBIT,08/07/2017,"Spotify USA 646-8375380 NY                   08/06",-16.23,DEBIT_CARD,254.79,,
DEBIT,08/07/2017,"SLING.COM 888-393-6312 CO                    08/04",-21.64,DEBIT_CARD,271.02,,
DEBIT,08/07/2017,"ATM WITHDRAWAL                       009961  08/068014 BAND",-20.00,ATM,292.66,,
DEBIT,08/07/2017,"Chase QuickPay Electronic Transfer 6424370685 to Mama",-120.00,CHASE_TO_PARTNERFI,312.66,,
DEBIT,08/07/2017,"ACADEMY SPORTS #47 SAN ANTONIO TX    316129  08/06",-18.37,DEBIT_CARD,432.66,,
DEBIT,08/07/2017,"DIAMOND SHINE SAN ANTONIO TX                 08/06",-5.00,DEBIT_CARD,451.03,,
DEBIT,08/07/2017,"SHELL Service Station SAN ANTONIO TX 030554  08/06",-31.39,DEBIT_CARD,456.03,,
DEBIT,08/07/2017,"HEB  #102 SAN ANTONIO TX                     08/05",-53.20,DEBIT_CARD,487.42,,
DEBIT,08/07/2017,"MCDONALD'S F2881 SAN ANTONIO TX              08/05",-18.88,DEBIT_CARD,540.62,,
DEBIT,08/07/2017,"PAW*M&M'S SAN ANTONIO TX                     08/03",-8.77,DEBIT_CARD,559.50,,
DEBIT,08/07/2017,"IL FORNO - SAN ANTONIO SAN ANTONIO TX        08/03",-17.32,DEBIT_CARD,568.27,,
DEBIT,08/07/2017,"MON THAI BISTRO SAN ANTONIO TX               08/03",-30.30,DEBIT_CARD,585.59,,
DEBIT,08/04/2017,"Netflix.com netflix.com CA                   08/03",-12.98,DEBIT_CARD,615.89,,
DEBIT,08/03/2017,"CITY PUBLIC SRV  CPS WEBPMT 003003547826    WEB ID: 9746002071",-144.99,ACH_DEBIT,628.87,,
DEBIT,08/03/2017,"Seville/BRE Sevi WEB PMTS   5S5L92          WEB ID: 9000079613",-1100.26,ACH_DEBIT,773.86,,
DEBIT,08/03/2017,"CORNER STORE 2196 ALAMO HEIGHTS TX   050908  08/03",-5.37,DEBIT_CARD,1874.12,,
DEBIT,08/03/2017,"SHELL Service Station SAN ANTONIO TX 426827  08/03",-10.77,DEBIT_CARD,1879.49,,
DEBIT,08/03/2017,"CENTRAL MARKET #191 SAN ANTONIO TX           08/02",-16.13,DEBIT_CARD,1890.26,,
DEBIT,08/03/2017,"UPWORKESCROW*MEMBERS 888-8503375 CA          08/01",-10.00,DEBIT_CARD,1906.39,,
DEBIT,08/02/2017,"SPEEDY CASH 888-3331360 KS                   07/31",-22.00,DEBIT_CARD,1916.39,,
DEBIT,08/02/2017,"ARBYS 5310 SAN ANTONIO TX                    08/01",-10.06,DEBIT_CARD,1938.39,,
DEBIT,08/01/2017,"SUBWAY        00607044 SAN ANTONIO TX        07/31",-7.03,DEBIT_CARD,1948.45,,
DEBIT,08/01/2017,"AMAZON MKTPLACE PMTS AMZN.COM/BILL WA        07/31",-7.95,DEBIT_CARD,1955.48,,
DEBIT,08/01/2017,"MCDONALD'S F20170 SAN ANTONIO TX             07/30",-2.17,DEBIT_CARD,1963.43,,
DEBIT,08/01/2017,"MCDONALD'S F20170 SAN ANTONIO TX             07/30",-17.81,DEBIT_CARD,1965.60,,
DEBIT,07/31/2017,"WM SUPERC Wal-Mart Sup SAN ANTONIO TX        07/31",-10.07,DEBIT_CARD,1983.41,,
DEBIT,07/31/2017,"Amazon Video On Dema AMZN.COM/bill WA        07/31",-2.15,DEBIT_CARD,1993.48,,
DEBIT,07/31/2017,"SHELL Service Station SAN ANTONIO TX 261464  07/30",-4.37,DEBIT_CARD,1995.63,,
DEBIT,07/31/2017,"SAM'S Club SAN ANTONIO TX                    07/30",-16.98,DEBIT_CARD,2000.00,,
DEBIT,07/31/2017,"SAM'S Club SAN ANTONIO TX                    07/30",-5.51,DEBIT_CARD,2016.98,,
DEBIT,07/31/2017,"CHEVRON 0309227 SAN ANTONIO TX               07/30",-41.58,DEBIT_CARD,2022.49,,
DEBIT,07/31/2017,"AUTO AIR VACUUM SERVICE PLAINVIEW NY         07/29",-1.50,DEBIT_CARD,2064.07,,
DEBIT,07/31/2017,"AUTO AIR VACUUM SERVICE PLAINVIEW NY         07/29",-1.50,DEBIT_CARD,2065.57,,
DEBIT,07/31/2017,"SHELL Service Station SAN ANTONIO TX 422032  07/29",-4.29,DEBIT_CARD,2067.07,,
DEBIT,07/31/2017,"Wal-Mart Super Center SAN ANTONIO TX         07/29",-47.51,DEBIT_CARD,2071.36,,
DEBIT,07/31/2017,"WHATABURGER 794    Q26 SAN ANTONIO TX        07/29",-7.08,DEBIT_CARD,2118.87,,
DEBIT,07/31/2017,"7-ELEVEN SAN ANTONIO TX                      07/28",-12.06,DEBIT_CARD,2125.95,,
DEBIT,07/31/2017,"REDBOX *DVD RENTAL OAKBROOK TER IL           07/28",-1.62,DEBIT_CARD,2138.01,,
CREDIT,07/31/2017,"GIGAWARP TECHNOL PAYROLL                    PPD ID: 1812457168",2059.42,ACH_CREDIT,2139.63,,
DEBIT,07/28/2017,"TRANSFER TO SAV XXXXX1797 07/28",-50.00,ACCT_XFER,80.21,,
DEBIT,07/28/2017,"CHELAS TACOS SAN ANTONIO TX                  07/27",-12.83,DEBIT_CARD,130.21,,
DEBIT,07/27/2017,"SHELL Service Station SAN ANTONIO TX 005247  07/27",-33.00,DEBIT_CARD,143.04,,
DEBIT,07/27/2017,"CENTRAL MARKET SAN ANTONIO TX                07/27",-16.48,DEBIT_CARD,176.04,,
DEBIT,07/26/2017,"CORNER STORE 2196 ALAMO HEIGHTS TX   478132  07/26",-6.95,DEBIT_CARD,192.52,,
DEBIT,07/25/2017,"CENTRAL MARKET SAN ANTONIO TX                07/25",-3.84,DEBIT_CARD,199.47,,
DEBIT,07/25/2017,"SUPERCUTS 81600 SAN ANTONIO TX               07/24",-20.00,DEBIT_CARD,203.31,,
CREDIT,07/25/2017,"ATM CASH DEPOSIT 07/25 12503 NW MILITARY HWY SAN ANTONIO TX",110.00,ATM,223.31,,
DEBIT,07/24/2017,"DNH*GODADDY.COM 480-5058855 AZ               07/23",-10.65,DEBIT_CARD,113.31,,
DEBIT,07/24/2017,"DNH*GODADDY.COM 480-5058855 AZ               07/21",-10.65,DEBIT_CARD,123.96,,
DEBIT,07/24/2017,"GOOGLE *HBO Dig Sv In 855-836-3987 CA        07/23",-16.23,DEBIT_CARD,134.61,,
DEBIT,07/24/2017,"Wal-Mart Super Center SAN ANTONIO TX         07/24",-23.18,DEBIT_CARD,150.84,,
DEBIT,07/24/2017,"HEB  #102 SAN ANTONIO TX                     07/23",-46.93,DEBIT_CARD,174.02,,
DEBIT,07/24/2017,"Wal-Mart Super Center SAN ANTONIO TX         07/23",-37.13,DEBIT_CARD,220.95,,
DEBIT,07/24/2017,"RACEWAY6811 SAN MARCOS TX            836740  07/22",-6.24,DEBIT_CARD,258.08,,
DEBIT,07/24/2017,"SKYDIVE SAN MARCOS FENTRESS TX               07/22",-25.00,DEBIT_CARD,264.32,,
DEBIT,07/24/2017,"SKYDIVE SAN MARCOS FENTRESS TX               07/22",-115.00,DEBIT_CARD,289.32,,
DEBIT,07/24/2017,"LAS PALAPAS - CHUR SAN ANTONIO TX            07/22",-4.08,DEBIT_CARD,404.32,,
DEBIT,07/24/2017,"LOS BALITO'S TACO SHO SAN ANTONIO TX         07/21",-10.77,DEBIT_CARD,408.40,,
DEBIT,07/24/2017,"Touchtunes.helpshift TouchTunes.co NY        07/21",-10.00,DEBIT_CARD,419.17,,
DEBIT,07/24/2017,"WINGSTOP 0006 SAN ANTONIO TX                 07/21",-13.13,DEBIT_CARD,429.17,,
DEBIT,07/24/2017,"SPRINT *WIRELESS 800-639-6111 KS             07/22",-156.06,DEBIT_CARD,442.30,,
DEBIT,07/21/2017,"SHELL Service Station SAN ANTONIO TX 067372  07/21",-30.39,DEBIT_CARD,598.36,,
DEBIT,07/21/2017,"HEB #102 SAN ANTONIO TX                      07/21",-11.52,DEBIT_CARD,628.75,,
DEBIT,07/21/2017,"PLAYSTATION NETWORK 800-345-7669 CA          07/20",-8.76,DEBIT_CARD,640.27,,
DEBIT,07/21/2017,"UHS PHARMACY-DOWNTOWN SAN ANTONIO TX         07/20",-10.00,DEBIT_CARD,649.03,,
DEBIT,07/21/2017,"LA MARGINAL RESTAURANT SAN ANTONIO TX        07/20",-19.77,DEBIT_CARD,659.03,,
DEBIT,07/21/2017,"MBI-PROBILLER.COM/RK 877-446-0668            07/19",-17.95,DEBIT_CARD,678.80,,
DEBIT,07/21/2017,"TWIN PEAKS PARK NORTH SAN ANTONIO TX         07/19",-30.42,DEBIT_CARD,696.75,,
DEBIT,07/20/2017,"CITY PUBLIC SRV  CPS WEBPMT 003003547826    WEB ID: 9746002071",-158.13,ACH_DEBIT,727.17,,
DEBIT,07/19/2017,"CENTRAL MARKET #191 SAN ANTONIO TX           07/18",-7.96,DEBIT_CARD,885.30,,
DEBIT,07/17/2017,"PLANET FIT       CLUB FEES                  PPD ID: 1710602737",-10.83,ACH_DEBIT,893.26,,
DEBIT,07/17/2017,"SPEEDY CASH 888-3331360 KS                   07/15",-22.00,DEBIT_CARD,904.09,,
DEBIT,07/17/2017,"WM SUPERC Wal-Mart Sup SAN ANTONIO TX        07/16",-20.46,DEBIT_CARD,926.09,,
DEBIT,07/17/2017,"WM SUPERC Wal-Mart Sup SAN ANTONIO TX        07/16",-68.55,DEBIT_CARD,946.55,,
DEBIT,07/17/2017,"HEB  #102 SAN ANTONIO TX                     07/16",-62.35,DEBIT_CARD,1015.10,,
DEBIT,07/17/2017,"DIAMOND SHINE SAN ANTONIO TX                 07/16",-5.00,DEBIT_CARD,1077.45,,
DEBIT,07/17/2017,"LAS PALAPAS - CHUR SAN ANTONIO TX            07/15",-5.38,DEBIT_CARD,1082.45,,
DEBIT,07/17/2017,"CORNER STORE 0104 LYTLE TX           683452  07/15",-8.09,DEBIT_CARD,1087.83,,
DEBIT,07/17/2017,"OREILLY AUTO #0 SAN ANTONIO TX               07/15",-28.12,DEBIT_CARD,1095.92,,
DEBIT,07/17/2017,"ATM WITHDRAWAL                       009875  07/158014 BAND",-360.00,ATM,1124.04,,
DEBIT,07/17/2017,"LA MICHOACANA SAN ANTO SAN ANTONIO TX        07/15",-16.26,DEBIT_CARD,1484.04,,
DEBIT,07/17/2017,"MCDONALD'S F2881 SAN ANTONIO TX              07/15",-1.08,DEBIT_CARD,1500.30,,
DEBIT,07/17/2017,"MCDONALD'S F2881 SAN ANTONIO TX              07/15",-16.42,DEBIT_CARD,1501.38,,
DEBIT,07/17/2017,"TWC*TIME WARNER CABLE 888-TWCABLE TX         07/17",-83.00,DEBIT_CARD,1517.80,,
DEBIT,07/17/2017,"Chase QuickPay Electronic Transfer 6370445178 to Mama",-500.00,CHASE_TO_PARTNERFI,1600.80,,
DEBIT,07/17/2017,"PAPA JOHN'S 00892 210-308-7272 TX            07/15",-15.13,DEBIT_CARD,2100.80,,
DEBIT,07/17/2017,"CHICK-FIL-A #02632 SAN ANTONIO TX            07/14",-16.44,DEBIT_CARD,2115.93,,
DEBIT,07/14/2017,"TRANSFER TO SAV XXXXX1797 07/14",-50.00,ACCT_XFER,2132.37,,
DEBIT,07/14/2017,"HEB  #102 SAN ANTONIO TX                     07/13",-27.04,DEBIT_CARD,2182.37,,
DEBIT,07/14/2017,"ORDERUP SAN ANTONIO TX                       07/13",-16.67,DEBIT_CARD,2209.41,,
CREDIT,07/14/2017,"GIGAWARP TECHNOL PAYROLL                    PPD ID: 1812457168",2059.42,ACH_CREDIT,2226.08,,
DEBIT,07/13/2017,"JIMMY JOHNS - 979 - E 210-820-0800 TX        07/12",-11.18,DEBIT_CARD,166.66,,
CREDIT,07/13/2017,"Online Transfer from SAV ...1797 transaction#: 6365437940",100.00,ACCT_XFER,177.84,,
DEBIT,07/12/2017,"LAS PALAPAS - CHUR SAN ANTONIO TX            07/10",-3.44,DEBIT_CARD,77.84,,
DEBIT,07/11/2017,"CORNER STORE 2196 ALAMO HEIGHTS TX   816513  07/11",-4.99,DEBIT_CARD,81.28,,
DEBIT,07/10/2017,"VONAGE *PRICE+TAXES 866-243-4357 NJ          07/08",-39.97,DEBIT_CARD,86.27,,
DEBIT,07/10/2017,"7-ELEVEN 36635 SAN ANTONIO TX                07/10",-24.93,DEBIT_CARD,126.24,,
DEBIT,07/10/2017,"PLAYSTATION NETWORK 800-345-7669 CA          07/09",-5.00,DEBIT_CARD,151.17,,
DEBIT,07/10/2017,"SUBWAY        00607044 SAN ANTONIO TX        07/09",-7.03,DEBIT_CARD,156.17,,
DEBIT,07/10/2017,"BILL MILLER BBQ #29 SAN ANTONIO TX           07/09",-11.57,DEBIT_CARD,163.20,,
DEBIT,07/10/2017,"PLAYSTATION NETWORK 800-345-7669 CA          07/09",-5.00,DEBIT_CARD,174.77,,
DEBIT,07/10/2017,"DIAMOND SHINE SAN ANTONIO TX                 07/09",-5.00,DEBIT_CARD,179.77,,
DEBIT,07/10/2017,"BILL MILLER BBQ #29 SAN ANTONIO TX           07/09",-4.85,DEBIT_CARD,184.77,,
DEBIT,07/10/2017,"HEB  #102 SAN ANTONIO TX                     07/09",-5.98,DEBIT_CARD,189.62,,
DEBIT,07/10/2017,"UBER   *US JUL09 DIAM 800-592-8996 CA        07/09",-18.16,DEBIT_CARD,195.60,,
DEBIT,07/10/2017,"The Esquire Tavern San Antonio TX            07/09",-18.00,DEBIT_CARD,213.76,,
DEBIT,07/10/2017,"UBER   *US JUL08 PIYT 800-592-8996 CA        07/09",-18.99,DEBIT_CARD,231.76,,
DEBIT,07/10/2017,"HEB  #102 SAN ANTONIO TX                     07/08",-22.17,DEBIT_CARD,250.75,,
DEBIT,07/10/2017,"TWIN LIQUORS #65 512-222-0700 TX             07/08",-58.41,DEBIT_CARD,272.92,,
DEBIT,07/10/2017,"LAS PALAPAS - CHUR SAN ANTONIO TX            07/08",-5.38,DEBIT_CARD,331.33,,
DEBIT,07/10/2017,"MCDONALD'S F2881 SAN ANTONIO TX              07/08",-17.08,DEBIT_CARD,336.71,,
DEBIT,07/10/2017,"CVS/PHARM 10485--919 W SAN ANTONIO TX        07/08",-5.29,DEBIT_CARD,353.79,,
DEBIT,07/10/2017,"HEB  #102 SAN ANTONIO TX                     07/08",-45.19,DEBIT_CARD,359.08,,
DEBIT,07/10/2017,"CENTRAL MARKET #191 SAN ANTONIO TX           07/07",-12.09,DEBIT_CARD,404.27,,
DEBIT,07/10/2017,"LAS PALAPAS - CHUR SAN ANTONIO TX            07/06",-5.38,DEBIT_CARD,416.36,,
DEBIT,07/07/2017,"UHS PHARMACY-DOWNTOWN SAN ANTONIO TX         07/06",-5.00,DEBIT_CARD,421.74,,
DEBIT,07/07/2017,"ORDERUP SAN ANTONIO TX                       07/06",-13.37,DEBIT_CARD,426.74,,
DEBIT,07/06/2017,"Spotify USA 646-8375380 NY                   07/06",-16.23,DEBIT_CARD,440.11,,
DEBIT,07/06/2017,"7-ELEVEN 36635 SAN ANTONIO TX                07/06",-32.50,DEBIT_CARD,456.34,,
DEBIT,07/06/2017,"SQ *PACIUGO GELATO AND San Antonio TX        07/06",-4.52,DEBIT_CARD,488.84,,
DEBIT,07/06/2017,"Chase QuickPay Electronic Transfer 6347791481 to Mama",-120.00,CHASE_TO_PARTNERFI,493.36,,
DEBIT,07/06/2017,"HEB  #102 SAN ANTONIO TX                     07/05",-8.45,DEBIT_CARD,613.36,,
DEBIT,07/06/2017,"CENTRAL MARKET #191 SAN ANTONIO TX           07/05",-7.48,DEBIT_CARD,621.81,,
DEBIT,07/05/2017,"Netflix.com netflix.com CA                   07/03",-12.98,DEBIT_CARD,629.29,,
DEBIT,07/05/2017,"SLING.COM 888-393-6312 CO                    07/04",-21.64,DEBIT_CARD,642.27,,
DEBIT,07/05/2017,"Seville/BRE Sevi WEB PMTS   DQ6L72          WEB ID: 9000079613",-1095.59,ACH_DEBIT,663.91,,
DEBIT,07/05/2017,"CORNER STORE 2196 ALAMO HEIGHTS TX   661994  07/05",-30.82,DEBIT_CARD,1759.50,,
DEBIT,07/05/2017,"REDBOX *DVD RENTAL 866-733-2693 IL           07/04",-6.50,DEBIT_CARD,1790.32,,
DEBIT,07/05/2017,"HEB  #556 SAN ANTONIO TX                     07/04",-21.34,DEBIT_CARD,1796.82,,
DEBIT,07/05/2017,"SHELL Service Station SAN ANTONIO TX 407165  07/04",-4.39,DEBIT_CARD,1818.16,,
DEBIT,07/05/2017,"HEB  #102 SAN ANTONIO TX                     07/03",-7.15,DEBIT_CARD,1822.55,,
DEBIT,07/05/2017,"SORRENTO RISTORANTE SAN ANTONIO TX           07/03",-14.85,DEBIT_CARD,1829.70,,
CREDIT,07/05/2017,"ATM CASH DEPOSIT 07/05 12503 NW MILITARY HWY SAN ANTONIO TX",60.00,ATM,1844.55,,
DEBIT,07/03/2017,"SPEEDY CASH 888-3331360 KS                   06/30",-22.00,DEBIT_CARD,1784.55,,
DEBIT,07/03/2017,"VISIT PATREON.COM/INF 877-887-7815 CA        07/01",-50.00,DEBIT_CARD,1806.55,,
DEBIT,07/03/2017,"SQ *LOCAL COFFEE Alamo Heights TX            07/03",-14.77,DEBIT_CARD,1856.55,,
DEBIT,07/03/2017,"PLAYSTATION NETWORK 800-345-7669 CA          07/02",-5.00,DEBIT_CARD,1871.32,,
DEBIT,07/03/2017,"BILL MILLER BBQ #29 SAN ANTONIO TX           07/02",-20.44,DEBIT_CARD,1876.32,,
DEBIT,07/03/2017,"Wal-Mart Super Center SAN ANTONIO TX         07/02",-2.68,DEBIT_CARD,1896.76,,
DEBIT,07/03/2017,"Wal-Mart Super Center SAN ANTONIO TX         07/02",-2.68,DEBIT_CARD,1899.44,,
DEBIT,07/03/2017,"HEB  #102 SAN ANTONIO TX                     07/02",-74.43,DEBIT_CARD,1902.12,,
DEBIT,07/03/2017,"DIAMOND SHINE SAN ANTONIO TX                 07/02",-5.00,DEBIT_CARD,1976.55,,
DEBIT,07/03/2017,"SHELL Service Station SAN ANTONIO TX 030460  07/02",-5.19,DEBIT_CARD,1981.55,,
DEBIT,07/03/2017,"BILL MILLER BBQ #29 SAN ANTONIO TX           07/02",-5.49,DEBIT_CARD,1986.74,,
DEBIT,07/03/2017,"LAS PALAPAS - CHUR SAN ANTONIO TX            07/01",-3.44,DEBIT_CARD,1992.23,,
DEBIT,07/03/2017,"MCDONALD'S F2881 SAN ANTONIO TX              07/01",-15.30,DEBIT_CARD,1995.67,,
DEBIT,07/03/2017,"7-ELEVEN SAN ANTONIO TX                      07/01",-23.77,DEBIT_CARD,2010.97,,
DEBIT,07/03/2017,"UPWORKESCROW*MEMBERS 888-8503375 CA          07/01",-10.00,DEBIT_CARD,2034.74,,
DEBIT,07/03/2017,"UBER   *US JUL01 GWYS 800-592-8996 CA        07/01",-16.72,DEBIT_CARD,2044.74,,
DEBIT,07/03/2017,"LAS PALAPAS - CHUR SAN ANTONIO TX            06/30",-9.50,DEBIT_CARD,2061.46,,
DEBIT,07/03/2017,"CENTRAL MARKET #191 SAN ANTONIO TX           06/30",-16.22,DEBIT_CARD,2070.96,,
DEBIT,07/03/2017,"UHS PHARMACY-DOWNTOWN SAN ANTONIO TX         06/30",-15.00,DEBIT_CARD,2087.18,,
DEBIT,07/03/2017,"LAS PALAPAS - CHUR SAN ANTONIO TX            06/29",-5.38,DEBIT_CARD,2102.18,,
DEBIT,07/03/2017,"LAS PALAPAS - CHUR SAN ANTONIO TX            06/29",-3.44,DEBIT_CARD,2107.56,,
DEBIT,06/30/2017,"SQ *LOCAL COFFEE Alamo Heights TX            06/30",-18.68,DEBIT_CARD,2111.00,,
DEBIT,06/30/2017,"TRANSFER TO SAV XXXXX1797 06/30",-50.00,ACCT_XFER,2129.68,,
DEBIT,06/30/2017,"LAS PALAPAS - CHUR SAN ANTONIO TX            06/28",-5.38,DEBIT_CARD,2179.68,,
CREDIT,06/30/2017,"GIGAWARP TECHNOL PAYROLL                    PPD ID: 1812457168",2059.42,ACH_CREDIT,2185.06,,
DEBIT,06/29/2017,"SHELL Service Station SAN ANTONIO TX 035758  06/29",-34.33,DEBIT_CARD,125.64,,
DEBIT,06/29/2017,"USCONNECT ACCNT VEND PFLUGERVILLE TX         06/28",-2.10,DEBIT_CARD,159.97,,
DEBIT,06/29/2017,"USCONNECT ACCNT VEND PFLUGERVILLE TX         06/28",-1.45,DEBIT_CARD,162.07,,
DEBIT,06/29/2017,"UNIV HEALTH CNTR-DWNTW SAN ANTONIO TX        06/28",-20.00,DEBIT_CARD,163.52,,
DEBIT,06/28/2017,"CENTRAL MARKET #191 SAN ANTONIO TX           06/27",-9.91,DEBIT_CARD,183.52,,
DEBIT,06/27/2017,"CORNER STORE 2196 ALAMO HEIGHTS TX   695581  06/27",-3.24,DEBIT_CARD,193.43,,
DEBIT,06/27/2017,"SPRINT *WIRELESS 800-639-6111 KS             06/27",-137.94,DEBIT_CARD,196.67,,
DEBIT,06/26/2017,"PHOTOFEELER.COM 877-887-7815 CO              06/25",-9.00,DEBIT_CARD,334.61,,
DEBIT,06/26/2017,"DNH*GODADDY.COM 480-5058855 AZ               06/23",-10.65,DEBIT_CARD,343.61,,
DEBIT,06/26/2017,"BILL MILLER BBQ #29 SAN ANTONIO TX           06/25",-11.57,DEBIT_CARD,354.26,,
DEBIT,06/26/2017,"PLAYSTATION NETWORK 800-345-7669 CA          06/25",-6.47,DEBIT_CARD,365.83,,
DEBIT,06/26/2017,"BILL MILLER BBQ #29 SAN ANTONIO TX           06/25",-6.85,DEBIT_CARD,372.30,,
DEBIT,06/26/2017,"PHOTOFEELER.COM 8778877815 CO                06/24",-9.00,DEBIT_CARD,379.15,,
DEBIT,06/26/2017,"GOOGLE *Tinder g.co/payhelp# CA              06/25",-4.25,DEBIT_CARD,388.15,,
DEBIT,06/26/2017,"TORO KITCHEN AND BAR SAN ANTONIO TX          06/24",-56.28,DEBIT_CARD,392.40,,
DEBIT,06/26/2017,"LAS PALAPAS - CHUR SAN ANTONIO TX            06/24",-5.38,DEBIT_CARD,448.68,,
DEBIT,06/26/2017,"7-ELEVEN 36635 SAN ANTONIO TX                06/24",-30.26,DEBIT_CARD,454.06,,
DEBIT,06/26/2017,"MCDONALD'S F2881 SAN ANTONIO TX              06/24",-14.65,DEBIT_CARD,484.32,,
DEBIT,06/26/2017,"HEB  #102 SAN ANTONIO TX                     06/24",-56.58,DEBIT_CARD,498.97,,
DEBIT,06/26/2017,"UHS PHARMACY-DOWNTOWN SAN ANTONIO TX         06/23",-15.00,DEBIT_CARD,555.55,,
DEBIT,06/26/2017,"OSAKA JAPANESE STEAK A SAN ANTONIO TX        06/23",-20.44,DEBIT_CARD,570.55,,
DEBIT,06/26/2017,"CENTRAL MARKET #191 SAN ANTONIO TX           06/23",-12.43,DEBIT_CARD,590.99,,
DEBIT,06/26/2017,"LAS PALAPAS - CHUR SAN ANTONIO TX            06/22",-5.38,DEBIT_CARD,603.42,,
DEBIT,06/26/2017,"SORRENTO RISTORANTE SAN ANTONIO TX           06/22",-14.85,DEBIT_CARD,608.80,,
DEBIT,06/23/2017,"GOOGLE *HBO Dig Sv In 855-836-3987 CA        06/23",-16.23,DEBIT_CARD,623.65,,
DEBIT,06/23/2017,"CENTRAL MARKET #191 SAN ANTONIO TX           06/22",-7.98,DEBIT_CARD,639.88,,
DEBIT,06/23/2017,"MBI-PROBILLER.COM/RK 877-446-0668            06/21",-17.95,DEBIT_CARD,647.86,,
DEBIT,06/22/2017,"DNH*GODADDY.COM 480-5058855 AZ               06/21",-10.65,DEBIT_CARD,665.81,,
DEBIT,06/22/2017,"HEB  #102 SAN ANTONIO TX                     06/21",-17.80,DEBIT_CARD,676.46,,
DEBIT,06/22/2017,"JIMMY JOHNS - 979 - E 210-820-0800 TX        06/21",-14.69,DEBIT_CARD,694.26,,
DEBIT,06/21/2017,"PLAYSTATION NETWORK 800-345-7669 CA          06/20",-10.12,DEBIT_CARD,708.95,,
DEBIT,06/21/2017,"THE BIG BIB SAN ANTONIO TX                   06/20",-10.81,DEBIT_CARD,719.07,,
DEBIT,06/20/2017,"CITY PUBLIC SRV  CPS WEBPMT 003003547826    WEB ID: 9746002071",-107.41,ACH_DEBIT,729.88,,
DEBIT,06/20/2017,"WM SUPERC Wal-Mart Sup SAN ANTONIO TX        06/20",-7.98,DEBIT_CARD,837.29,,
DEBIT,06/20/2017,"HOTEL EMMA F AND B SAN ANTONIO TX            06/19",-118.77,DEBIT_CARD,845.27,,
DEBIT,06/20/2017,"ARBYS 5310 SAN ANTONIO TX                    06/19",-15.12,DEBIT_CARD,964.04,,
DEBIT,06/19/2017,"PLANET FIT       CLUB FEES                  PPD ID: 1710602737",-10.83,ACH_DEBIT,979.16,,
DEBIT,06/19/2017,"FINE SPIRITS EMP 514 Alamo Heights TX709035  06/19",-25.90,DEBIT_CARD,989.99,,
DEBIT,06/19/2017,"SQ *LOCAL COFFEE Alamo Heights TX            06/19",-12.51,DEBIT_CARD,1015.89,,
DEBIT,06/19/2017,"BILL MILLER BBQ #29 SAN ANTONIO TX           06/18",-11.25,DEBIT_CARD,1028.40,,
DEBIT,06/19/2017,"7-ELEVEN 36635 SAN ANTONIO TX                06/18",-30.00,DEBIT_CARD,1039.65,,
DEBIT,06/19/2017,"DIAMOND SHINE SAN ANTONIO TX                 06/18",-5.00,DEBIT_CARD,1069.65,,
DEBIT,06/19/2017,"BILL MILLER BBQ #29 SAN ANTONIO TX           06/18",-8.18,DEBIT_CARD,1074.65,,
DEBIT,06/19/2017,"Chase QuickPay Electronic Transfer 6304855787 to Mama",-495.00,CHASE_TO_PARTNERFI,1082.83,,
DEBIT,06/19/2017,"EMBASSY 14 THEATRE SAN ANTONIO TX            06/17",-11.00,DEBIT_CARD,1577.83,,
DEBIT,06/19/2017,"EMBASSY 14 THEATRE SAN ANTONIO TX            06/17",-22.00,DEBIT_CARD,1588.83,,
DEBIT,06/19/2017,"WM SUPERC Wal-Mart Sup SAN ANTONIO TX        06/17",-21.20,DEBIT_CARD,1610.83,,
DEBIT,06/19/2017,"LAS PALAPAS - CHUR SAN ANTONIO TX            06/17",-10.58,DEBIT_CARD,1632.03,,
DEBIT,06/19/2017,"MCDONALD'S F2881 SAN ANTONIO TX              06/17",-17.15,DEBIT_CARD,1642.61,,
DEBIT,06/19/2017,"HEB #102 SAN ANTONIO TX                      06/17",-70.89,DEBIT_CARD,1659.76,,
DEBIT,06/19/2017,"SUPERCUTS 81600 SAN ANTONIO TX               06/17",-17.00,DEBIT_CARD,1730.65,,
DEBIT,06/19/2017,"HEB  #102 SAN ANTONIO TX                     06/17",-9.58,DEBIT_CARD,1747.65,,
DEBIT,06/19/2017,"BANGKOK 54 THAI CUISIN SAN ANTONIO TX        06/16",-20.62,DEBIT_CARD,1757.23,,
DEBIT,06/19/2017,"TWC*TIME WARNER CABLE 888-TWCABLE TX         06/17",-87.00,DEBIT_CARD,1777.85,,
DEBIT,06/16/2017,"SPEEDY CASH 888-3331360 KS                   06/15",-22.00,DEBIT_CARD,1864.85,,
DEBIT,06/16/2017,"HEB #102 SAN ANTONIO TX                      06/16",-12.20,DEBIT_CARD,1886.85,,
DEBIT,06/16/2017,"CORNER STORE 2196 ALAMO HEIGHTS TX   060795  06/16",-3.24,DEBIT_CARD,1899.05,,
DEBIT,06/16/2017,"SQ *LOCAL COFFEE Alamo Heights TX            06/16",-16.77,DEBIT_CARD,1902.29,,
DEBIT,06/16/2017,"TRANSFER TO SAV XXXXX1797 06/16",-50.00,ACCT_XFER,1919.06,,
DEBIT,06/16/2017,"COMET CLEANERS 296 SAN ANTONIO TX            06/14",-9.40,DEBIT_CARD,1969.06,,
DEBIT,06/16/2017,"LAS PALAPAS - CHUR SAN ANTONIO TX            06/14",-6.44,DEBIT_CARD,1978.46,,
DEBIT,06/15/2017,"Wal-Mart Super Center SAN ANTONIO TX         06/15",-27.84,DEBIT_CARD,1984.90,,
DEBIT,06/15/2017,"7-ELEVEN 36635 SAN ANTONIO TX        065520  06/15",-26.00,DEBIT_CARD,2012.74,,
DEBIT,06/15/2017,"ATM WITHDRAWAL                       007186  06/158014 BAND",-180.00,ATM,2038.74,,
DEBIT,06/15/2017,"SQ *LOCAL COFFEE Alamo Heights TX            06/15",-17.59,DEBIT_CARD,2218.74,,
DEBIT,06/15/2017,"CENTRAL MARKET #191 SAN ANTONIO TX           06/14",-3.45,DEBIT_CARD,2236.33,,
DEBIT,06/15/2017,"CENTRAL MARKET #191 SAN ANTONIO TX           06/14",-9.56,DEBIT_CARD,2239.78,,
CREDIT,06/15/2017,"GIGAWARP TECHNOL PAYROLL                    PPD ID: 1812457168",2059.42,ACH_CREDIT,2249.34,,
DEBIT,06/14/2017,"WM SUPERC Wal-Mart Sup SAN ANTONIO TX        06/14",-18.23,DEBIT_CARD,189.92,,
DEBIT,06/14/2017,"SHELL Service Station SAN ANTONIO TX 427212  06/14",-4.33,DEBIT_CARD,208.15,,
DEBIT,06/13/2017,"HEB  #102 SAN ANTONIO TX                     06/12",-15.12,DEBIT_CARD,212.48,,
DEBIT,06/13/2017,"CENTRAL MARKET #191 SAN ANTONIO TX           06/12",-8.55,DEBIT_CARD,227.60,,
DEBIT,06/12/2017,"SHELL Service Station SAN ANTONIO TX 041246  06/12",-30.00,DEBIT_CARD,236.15,,
DEBIT,06/12/2017,"K & G SAN ANTONIO #305 SAN ANTONIO TX        06/12",-84.40,DEBIT_CARD,266.15,,
DEBIT,06/12/2017,"CORNER STORE 2196 ALAMO HEIGHTS TX   015655  06/12",-5.23,DEBIT_CARD,350.55,,
DEBIT,06/12/2017,"BILL MILLER BBQ #29 SAN ANTONIO TX           06/11",-7.31,DEBIT_CARD,355.78,,
DEBIT,06/12/2017,"HEB  #102 SAN ANTONIO TX                     06/11",-31.98,DEBIT_CARD,363.09,,
DEBIT,06/12/2017,"HEB  #102 SAN ANTONIO TX                     06/11",-64.32,DEBIT_CARD,395.07,,
DEBIT,06/12/2017,"DIAMOND SHINE SAN ANTONIO TX                 06/11",-5.00,DEBIT_CARD,459.39,,
DEBIT,06/12/2017,"BILL MILLER BBQ #29 SAN ANTONIO TX           06/11",-8.94,DEBIT_CARD,464.39,,
DEBIT,06/12/2017,"SUBWAY        00607044 SAN ANTONIO TX        06/11",-8.31,DEBIT_CARD,473.33,,
DEBIT,06/12/2017,"WM SUPERC Wal-Mart Sup SAN ANTONIO TX        06/10",-13.24,DEBIT_CARD,481.64,,
DEBIT,06/12/2017,"BILL MILLER BBQ #29 SAN ANTONIO TX           06/10",-10.11,DEBIT_CARD,494.88,,
DEBIT,06/12/2017,"LAS PALAPAS - CHUR SAN ANTONIO TX            06/10",-6.79,DEBIT_CARD,504.99,,
DEBIT,06/12/2017,"MCDONALD'S F2881 SAN ANTONIO TX              06/10",-1.39,DEBIT_CARD,511.78,,
DEBIT,06/12/2017,"MCDONALD'S F2881 SAN ANTONIO TX              06/10",-13.68,DEBIT_CARD,513.17,,
DEBIT,06/12/2017,"SAM'S Club SAN ANTONIO TX                    06/10",-86.60,DEBIT_CARD,526.85,,
DEBIT,06/12/2017,"Wal-Mart Super Center SAN ANTONIO TX         06/10",-51.27,DEBIT_CARD,613.45,,
DEBIT,06/12/2017,"SHELL Service Station SAN ANTONIO TX 023872  06/10",-40.19,DEBIT_CARD,664.72,,
DEBIT,06/12/2017,"LAS PALAPAS - CHUR SAN ANTONIO TX            06/09",-5.38,DEBIT_CARD,704.91,,
DEBIT,06/12/2017,"OSAKA JAPANESE STEAK A SAN ANTONIO TX        06/09",-22.35,DEBIT_CARD,710.29,,
DEBIT,06/12/2017,"CHELAS TACOS SAN ANTONIO TX                  06/09",-8.63,DEBIT_CARD,732.64,,
DEBIT,06/12/2017,"LAS PALAPAS - CHUR SAN ANTONIO TX            06/08",-5.38,DEBIT_CARD,741.27,,
CREDIT,06/12/2017,"Online Transfer from SAV ...1797 transaction#: 6291621899",150.00,ACCT_XFER,746.65,,
CREDIT,06/12/2017,"ATM CASH DEPOSIT 06/11 12503 NW MILITARY HWY SAN ANTONIO TX",150.00,ATM,596.65,,
DEBIT,06/09/2017,"HEB  #102 SAN ANTONIO TX                     06/08",-17.25,DEBIT_CARD,446.65,,
DEBIT,06/09/2017,"JIMMY JOHNS - 979 - E 210-820-0800 TX        06/08",-12.53,DEBIT_CARD,463.90,,
DEBIT,06/09/2017,"CHELAS TACOS SAN ANTONIO TX                  06/08",-11.41,DEBIT_CARD,476.43,,
DEBIT,06/08/2017,"VONAGE *PRICE+TAXES 866-243-4357 NJ          06/08",-38.67,DEBIT_CARD,487.84,,
DEBIT,06/08/2017,"SHELL Service Station SAN ANTONIO TX 589847  06/08",-4.33,DEBIT_CARD,526.51,,
DEBIT,06/08/2017,"HEB  #224 SAN ANTONIO TX                     06/07",-33.46,DEBIT_CARD,530.84,,
DEBIT,06/08/2017,"HEB  #102 SAN ANTONIO TX                     06/07",-42.02,DEBIT_CARD,564.30,,
DEBIT,06/08/2017,"SQ *LOCAL COFFEE Alamo Heights TX            06/07",-4.08,DEBIT_CARD,606.32,,
DEBIT,06/07/2017,"INSTACART HTTPSINSTACAR CA                   06/06",-29.35,DEBIT_CARD,610.40,,
DEBIT,06/07/2017,"SQ *5 POINTS LOCAL San Antonio TX            06/06",-37.68,DEBIT_CARD,639.75,,
DEBIT,06/06/2017,"Spotify USA 646-8375380 NY                   06/06",-16.23,DEBIT_CARD,677.43,,
DEBIT,06/06/2017,"CENTRAL MARKET #191 SAN ANTONIO TX           06/05",-14.76,DEBIT_CARD,693.66,,
DEBIT,06/05/2017,"NETFLIX.COM NETFLIX.COM CA                   06/03",-12.98,DEBIT_CARD,708.42,,
DEBIT,06/05/2017,"SLING.COM 888-393-6312 CO                    06/04",-21.64,DEBIT_CARD,721.40,,
DEBIT,06/05/2017,"PLAYSTATION NETWORK 800-345-7669 CA          06/05",-5.00,DEBIT_CARD,743.04,,
DEBIT,06/05/2017,"BILL MILLER BBQ #29 SAN ANTONIO TX           06/04",-14.43,DEBIT_CARD,748.04,,
DEBIT,06/05/2017,"HEB  #102 SAN ANTONIO TX                     06/04",-57.72,DEBIT_CARD,762.47,,
DEBIT,06/05/2017,"SHELL Service Station SAN ANTONIO TX 253153  06/04",-4.09,DEBIT_CARD,820.19,,
DEBIT,06/05/2017,"Chase QuickPay Electronic Transfer 6272341737 to Mama",-120.00,CHASE_TO_PARTNERFI,824.28,,
DEBIT,06/05/2017,"BILL MILLER BBQ #29 SAN ANTONIO TX           06/04",-10.46,DEBIT_CARD,944.28,,
DEBIT,06/05/2017,"THE WASH TUB BLANCO - SAN ANTONIO TX         06/04",-94.99,DEBIT_CARD,954.74,,
DEBIT,06/05/2017,"LAS PALAPAS - CHUR SAN ANTONIO TX            06/03",-11.40,DEBIT_CARD,1049.73,,
DEBIT,06/05/2017,"HEB  #102 SAN ANTONIO TX                     06/03",-27.96,DEBIT_CARD,1061.13,,
DEBIT,06/05/2017,"CHEVRON/7-ELEVEN 36289 SAN ANTONIO TX059326  06/03",-42.91,DEBIT_CARD,1089.09,,
DEBIT,06/05/2017,"UHS PHARMACY-DOWNTOWN SAN ANTONIO TX         06/03",-5.00,DEBIT_CARD,1132.00,,
DEBIT,06/05/2017,"MCDONALD'S F2881 SAN ANTONIO TX              06/03",-3.78,DEBIT_CARD,1137.00,,
DEBIT,06/05/2017,"DOMINO'S 6712 210-590-1497 TX                06/02",-20.03,DEBIT_CARD,1140.78,,
DEBIT,06/05/2017,"CHELAS TACOS SAN ANTONIO TX                  06/02",-3.85,DEBIT_CARD,1160.81,,
DEBIT,06/05/2017,"SORRENTO RISTORANTE SAN ANTONIO TX           06/02",-30.46,DEBIT_CARD,1164.66,,
DEBIT,06/05/2017,"LAS PALAPAS - CHUR SAN ANTONIO TX            06/01",-6.02,DEBIT_CARD,1195.12,,
DEBIT,06/05/2017,"UPWORKESCROW*MEMBERS 888-8503375 CA          06/01",-10.00,DEBIT_CARD,1201.14,,
CREDIT,06/05/2017,"ATM CASH DEPOSIT 06/03 12503 NW MILITARY HWY SAN ANTONIO TX",200.00,ATM,1211.14,,
DEBIT,06/02/2017,"Seville/BRE Sevi WEB PMTS   B67252          WEB ID: 9000079613",-1074.79,ACH_DEBIT,1011.14,,
DEBIT,06/02/2017,"TRANSFER TO SAV XXXXX1797 06/02",-50.00,ACCT_XFER,2085.93,,
DEBIT,06/02/2017,"Chase QuickPay Electronic Transfer 6265726875 to Mama",-730.00,CHASE_TO_PARTNERFI,2135.93,,
DEBIT,06/02/2017,"MON THAI BISTRO SAN ANTONIO TX               05/31",-27.65,DEBIT_CARD,2865.93,,
DEBIT,06/01/2017,"PLANET FIT       CLUB FEES                  PPD ID: 1710602737",-31.39,ACH_DEBIT,2893.58,,
DEBIT,06/01/2017,"HEB  #102 SAN ANTONIO TX                     05/31",-25.98,DEBIT_CARD,2924.97,,
DEBIT,06/01/2017,"CENTRAL MARKET #191 SAN ANTONIO TX           05/31",-3.29,DEBIT_CARD,2950.95,,
DEBIT,05/31/2017,"LA MICHOACANA SAN ANTO SAN ANTONIO TX        05/29",-28.10,DEBIT_CARD,2954.24,,
CREDIT,05/31/2017,"GIGAWARP TECHNOL PAYROLL                    PPD ID: 1812457168",2059.42,ACH_CREDIT,2982.34,,
DEBIT,05/30/2017,"SPEEDY CASH 888-3331360 KS                   05/28",-32.28,DEBIT_CARD,922.92,,
DEBIT,05/30/2017,"GOOGLE *OkCupid 855-492-5538 CA              05/27",-38.37,DEBIT_CARD,955.20,,
DEBIT,05/30/2017,"HEB  #102 SAN ANTONIO TX                     05/29",-12.90,DEBIT_CARD,993.57,,
DEBIT,05/30/2017,"BILL MILLER BBQ #29 SAN ANTONIO TX           05/28",-19.58,DEBIT_CARD,1006.47,,
DEBIT,05/30/2017,"SHELL Service Station SAN ANTONIO TX 045940  05/28",-36.00,DEBIT_CARD,1026.05,,
DEBIT,05/30/2017,"DIAMOND SHINE SAN ANTONIO TX                 05/28",-5.00,DEBIT_CARD,1062.05,,
DEBIT,05/30/2017,"ACADEMY SPORTS #47 SAN ANTONIO TX    061824  05/28",-108.24,DEBIT_CARD,1067.05,,
DEBIT,05/30/2017,"BILL MILLER BBQ #29 SAN ANTONIO TX           05/28",-8.25,DEBIT_CARD,1175.29,,
DEBIT,05/30/2017,"LAS PALAPAS - CHUR SAN ANTONIO TX            05/27",-4.95,DEBIT_CARD,1183.54,,
DEBIT,05/30/2017,"WM SUPERC Wal-Mart Sup SAN ANTONIO TX        05/27",-15.98,DEBIT_CARD,1188.49,,
DEBIT,05/30/2017,"HEB  #102 SAN ANTONIO TX                     05/27",-0.99,DEBIT_CARD,1204.47,,
DEBIT,05/30/2017,"HEB  #102 SAN ANTONIO TX                     05/27",-13.30,DEBIT_CARD,1205.46,,
DEBIT,05/30/2017,"HEB  #102 SAN ANTONIO TX                     05/26",-53.44,DEBIT_CARD,1218.76,,
DEBIT,05/30/2017,"UNIV HEALTH CNTR-DWNTW SAN ANTONIO TX        05/26",-100.00,DEBIT_CARD,1272.20,,
DEBIT,05/30/2017,"LAS PALAPAS - CHUR SAN ANTONIO TX            05/26",-3.00,DEBIT_CARD,1372.20,,
DEBIT,05/30/2017,"LAS PALAPAS - CHUR SAN ANTONIO TX            05/25",-13.79,DEBIT_CARD,1375.20,,
DEBIT,05/26/2017,"SHELL Service Station SAN ANTONIO TX 014411  05/26",-1.61,DEBIT_CARD,1388.99,,
DEBIT,05/26/2017,"JIMMY JOHNS - 979 - E 210-820-0800 TX        05/25",-13.53,DEBIT_CARD,1390.60,,
DEBIT,05/25/2017,"GOOGLE *YouTube Vide g.co/payhelp# CA        05/25",-5.40,DEBIT_CARD,1404.13,,
DEBIT,05/25/2017,"HEB  #102 SAN ANTONIO TX                     05/24",-18.96,DEBIT_CARD,1409.53,,
DEBIT,05/25/2017,"CENTRAL MARKET #191 SAN ANTONIO TX           05/24",-22.03,DEBIT_CARD,1428.49,,
DEBIT,05/25/2017,"MBI-PROBILLER.COM/RK 877-446-0668            05/24",-17.95,DEBIT_CARD,1450.52,,
DEBIT,05/24/2017,"DNH*GODADDY.COM 480-505-8855 AZ              05/23",-10.65,DEBIT_CARD,1468.47,,
DEBIT,05/24/2017,"SHELL Service Station SAN ANTONIO TX 049756  05/24",-43.07,DEBIT_CARD,1479.12,,
DEBIT,05/24/2017,"UHS PHARMACY-DOWNTOWN SAN ANTONIO TX         05/23",-10.00,DEBIT_CARD,1522.19,,
DEBIT,05/24/2017,"BestBuyCom800851019120 888-BESTBUY MN        05/23",-43.29,DEBIT_CARD,1532.19,,
DEBIT,05/24/2017,"SORRENTO RISTORANTE SAN ANTONIO TX           05/22",-16.88,DEBIT_CARD,1575.48,,
CREDIT,05/24/2017,"ATM CASH DEPOSIT 05/24 12503 NW MILITARY HWY SAN ANTONIO TX",30.00,ATM,1592.36,,
CREDIT,05/24/2017,"ATM CASH DEPOSIT 05/24 12503 NW MILITARY HWY SAN ANTONIO TX",40.00,ATM,1562.36,,
